{"2011-01-04T22:49:07Z": {"organs": "WTO, G-20, SACU and others", "rank": "32nd", "gdp": "$277.4 billion (2009) (nominal; 32nd)                        $488.6 billion (2009) (PPP; 25th)", "growth": "4.6% (Q1 2010)", "per capita": "$5,684 (2009) (nominal; 76th)                        $10,136 (2009) (PPP; 79th)", "sectors": "agriculture (0.9%), industry (20.6%), services (78.5%)", "inflation": "4.6% (May 2010)", "poverty": "50% (2000 est.)", "labor": "17.32 million economically active (2009 est.)", "occupations": "agriculture: 9%, industry: 26%, services: 65% (2007 est.)", "unemployment": "24% (2009 est.)", "edbr": "34th<ref name", "industries": "mining (world's largest producer of platinum, gold, chromium), automobile assembly, metalworking, machinery, textiles,  iron and steel, chemicals, fertilizer, foodstuffs, commercial ship repair", "exports": "$67.93 billion (2009 est.) |export-goods", "imports": "$70.24 billion (2009 est.) |import-goods", "FDI": "$125.7 billion (31 December 2009 est.)", "debt": "35.7% of GDP (2009 est.) |gross external debt", "revenue": "$74.92 billion (2009 est.)", "expenses": "$86.26 billion (2009 est.)", "reserves": "$37.41 billion (31 December 2009 est.)", "aid": "ODA $19 billion, 0.2% of GDP (2004)", "cianame": "sf", "spelling": "Oxford "}, "2011-01-20T21:00:14Z": {"organs": "WTO, G-20, SACU and others", "rank": "32nd", "gdp": "$354,4 billion (2010) (nominal; 27th)                        $524,341 billion (2010) (PPP; 25th)", "growth": "4.6% (Q1 2010)", "per capita": "$7,101 (2010) (nominal; 70th)                        $10,136 (2009) (PPP; 79th)", "sectors": "agriculture (0.9%), industry (20.6%), services (78.5%)", "inflation": "4.6% (May 2010)", "poverty": "50% (2000 est.)", "labor": "17.32 million economically active (2009 est.)", "occupations": "agriculture: 9%, industry: 26%, services: 65% (2007 est.)", "unemployment": "24% (2009 est.)", "edbr": "34th<ref name", "industries": "mining (world's largest producer of platinum, gold, chromium), automobile assembly, metalworking, machinery, textiles,  iron and steel, chemicals, fertilizer, foodstuffs, commercial ship repair", "exports": "$67.93 billion (2009 est.) |export-goods", "imports": "$70.24 billion (2009 est.) |import-goods", "FDI": "$125.7 billion (31 December 2009 est.)", "debt": "35.7% of GDP (2009 est.) |gross external debt", "revenue": "$74.92 billion (2009 est.)", "expenses": "$86.26 billion (2009 est.)", "reserves": "$37.41 billion (31 December 2009 est.)", "aid": "ODA $19 billion, 0.2% of GDP (2004)", "cianame": "sf", "spelling": "Oxford "}, "2011-01-20T21:04:05Z": {"organs": "WTO, G-20, SACU and others", "rank": "32nd", "gdp": "$277.4 billion (2009) (nominal; 32nd)                        $488.6 billion (2009) (PPP; 25th)", "growth": "4.6% (Q1 2010)", "per capita": "$5,684 (2009) (nominal; 76th)                        $10,136 (2009) (PPP; 79th)", "sectors": "agriculture (0.9%), industry (20.6%), services (78.5%)", "inflation": "4.6% (May 2010)", "poverty": "50% (2000 est.)", "labor": "17.32 million economically active (2009 est.)", "occupations": "agriculture: 9%, industry: 26%, services: 65% (2007 est.)", "unemployment": "24% (2009 est.)", "edbr": "34th<ref name", "industries": "mining (world's largest producer of platinum, gold, chromium), automobile assembly, metalworking, machinery, textiles,  iron and steel, chemicals, fertilizer, foodstuffs, commercial ship repair", "exports": "$67.93 billion (2009 est.) |export-goods", "imports": "$70.24 billion (2009 est.) |import-goods", "FDI": "$125.7 billion (31 December 2009 est.)", "debt": "35.7% of GDP (2009 est.) |gross external debt", "revenue": "$74.92 billion (2009 est.)", "expenses": "$86.26 billion (2009 est.)", "reserves": "$37.41 billion (31 December 2009 est.)", "aid": "ODA $19 billion, 0.2% of GDP (2004)", "cianame": "sf", "spelling": "Oxford "}, "2011-05-15T15:07:16Z": {"organs": "WTO, G-20, SACU and others", "rank": "32nd", "gdp": "$277.4 billion (2009) (nominal; 32nd)                        $488.6 billion (2009) (PPP; 25th)", "growth": "4.6% (Q1 2010)", "per capita": "$5,684 (2009) (nominal; 76th)                        $10,136 (2009) (PPP; 79th)", "sectors": "agriculture (0.9%), industry (20.6%), services (78.5%)", "inflation": "4.6% (May 2010)", "poverty": "50% (2000 est.)", "labour": "17.32 million economically active (2009 est.)", "occupations": "agriculture: 9%, industry: 26%, services: 65% (2007 est.)", "unemployment": "24% (2009 est.)", "edbr": "34th<ref name", "industries": "mining (world's largest producer of platinum, gold, chromium), automobile assembly, metalworking, machinery, textiles, iron and steel, chemicals, fertiliser, foodstuffs, commercial ship repair", "exports": "$67.93 billion (2009 est.) |export-goods", "imports": "$70.24 billion (2009 est.) |import-goods", "FDI": "$125.7 billion (31 December 2009 est.)", "debt": "35.7% of GDP (2009 est.) |gross external debt", "revenue": "$74.92 billion (2009 est.)", "expenses": "$86.26 billion (2009 est.)", "reserves": "$37.41 billion (31 December 2009 est.)", "aid": "ODA $19 billion, 0.2% of GDP (2004)", "cianame": "sf", "spelling": "Oxford "}, "2011-05-31T22:12:13Z": {"organs": "WTO, G-20, SACU and others", "rank": "32nd", "gdp": "$277.4 billion (2009) (nominal; 32nd)                        $488.6 billion (2009) (PPP; 25th)", "growth": "4.6% (Q1 2010)", "per capita": "$5,684 (2009) (nominal; 76th)                        $10,136 (2009) (PPP; 79th)", "sectors": "agriculture (0.9%), industry (20.6%), services (78.5%)", "inflation": "4.6% (May 2010)", "poverty": "50% (2000 est.)", "labour": "17.32 million economically active (2009 est.)", "occupations": "agriculture: 9%, industry: 26%, services: 65% (2007 est.)", "unemployment": "24% (2009 est.)", "edbr": "34th<ref name", "industries": "mining (world's largest producer of platinum, gold, chromium), automobile assembly, metalworking, machinery, textiles, iron and steel, chemicals, fertiliser, foodstuffs, commercial ship repair", "exports": "$67.93 billion (2009 est.) |export-goods", "imports": "$70.24 billion (2009 est.) |import-goods", "FDI": "$125.7 billion (31 December 2009 est.)", "debt": "35.7% of GDP (2009 est.) |gross external debt", "revenue": "$74.92 billion (2009 est.)", "expenses": "$86.26 billion (2009 est.)", "reserves": "US$49.287 billion (March 2011)", "aid": "ODA $19 billion, 0.2% of GDP (2004)", "cianame": "sf", "spelling": "Oxford "}, "2011-08-21T21:48:17Z": {"organs": "WTO, G-20, SACU and others", "rank": "29th", "gdp": "$357.4 billion (2010) (nominal; 29th)                        $524.6 billion (2010) (PPP; 25th)", "growth": "4.6% (Q1 2010)", "per capita": "$5,684 (2009) (nominal; 76th)                        $10,136 (2009) (PPP; 79th)", "sectors": "agriculture (0.9%), industry (20.6%), services (78.5%)", "inflation": "4.6% (May 2010)", "poverty": "50% (2000 est.)", "labour": "17.32 million economically active (2009 est.)", "occupations": "agriculture: 9%, industry: 26%, services: 65% (2007 est.)", "unemployment": "24% (2009 est.)", "edbr": "34th<ref name", "industries": "mining (world's largest producer of platinum, gold, chromium), automobile assembly, metalworking, machinery, textiles, iron and steel, chemicals, fertiliser, foodstuffs, commercial ship repair", "exports": "$67.93 billion (2009 est.) |export-goods", "imports": "$70.24 billion (2009 est.) |import-goods", "FDI": "$125.7 billion (31 December 2009 est.)", "debt": "35.7% of GDP (2009 est.) |gross external debt", "revenue": "$74.92 billion (2009 est.)", "expenses": "$86.26 billion (2009 est.)", "reserves": "US$49.287 billion (March 2011)", "aid": "ODA $19 billion, 0.2% of GDP (2004)", "cianame": "sf", "spelling": "Oxford "}, "2011-08-21T21:51:32Z": {"organs": "WTO, G-20, SACU and others", "rank": "29th", "gdp": "$357.4 billion (2010) (nominal; 29th)                        $524.6 billion (2010) (PPP; 25th)", "growth": "4.6% (Q1 2010)", "per capita": "$7,158 (2010) (nominal; 71st)                        $10,498 (2009) (PPP; 77th)", "sectors": "agriculture (0.9%), industry (20.6%), services (78.5%)", "inflation": "4.6% (May 2010)", "poverty": "50% (2000 est.)", "labour": "17.32 million economically active (2009 est.)", "occupations": "agriculture: 9%, industry: 26%, services: 65% (2007 est.)", "unemployment": "24% (2009 est.)", "edbr": "34th<ref name", "industries": "mining (world's largest producer of platinum, gold, chromium), automobile assembly, metalworking, machinery, textiles, iron and steel, chemicals, fertiliser, foodstuffs, commercial ship repair", "exports": "$67.93 billion (2009 est.) |export-goods", "imports": "$70.24 billion (2009 est.) |import-goods", "FDI": "$125.7 billion (31 December 2009 est.)", "debt": "35.7% of GDP (2009 est.) |gross external debt", "revenue": "$74.92 billion (2009 est.)", "expenses": "$86.26 billion (2009 est.)", "reserves": "US$49.287 billion (March 2011)", "aid": "ODA $19 billion, 0.2% of GDP (2004)", "cianame": "sf", "spelling": "Oxford "}, "2011-08-21T21:52:14Z": {"organs": "WTO, G-20, SACU and others", "rank": "29th", "gdp": "$357.4 billion (2010) (nominal; 29th)                        $524.6 billion (2010) (PPP; 25th)", "growth": "4.6% (Q1 2010)", "per capita": "$7,158 (2010) (nominal; 71st)                        $10,498 (2010) (PPP; 77th)", "sectors": "agriculture (0.9%), industry (20.6%), services (78.5%)", "inflation": "4.6% (May 2010)", "poverty": "50% (2000 est.)", "labour": "17.32 million economically active (2009 est.)", "occupations": "agriculture: 9%, industry: 26%, services: 65% (2007 est.)", "unemployment": "24% (2009 est.)", "edbr": "34th<ref name", "industries": "mining (world's largest producer of platinum, gold, chromium), automobile assembly, metalworking, machinery, textiles, iron and steel, chemicals, fertiliser, foodstuffs, commercial ship repair", "exports": "$67.93 billion (2009 est.) |export-goods", "imports": "$70.24 billion (2009 est.) |import-goods", "FDI": "$125.7 billion (31 December 2009 est.)", "debt": "35.7% of GDP (2009 est.) |gross external debt", "revenue": "$74.92 billion (2009 est.)", "expenses": "$86.26 billion (2009 est.)", "reserves": "US$49.287 billion (March 2011)", "aid": "ODA $19 billion, 0.2% of GDP (2004)", "cianame": "sf", "spelling": "Oxford "}, "2011-11-13T07:28:08Z": {"organs": "WTO, G-20, SACU and others", "rank": "29th", "gdp": "$357.4 billion (2010) (nominal; 29th)                        $524.6 billion (2010) (PPP; 25th)", "growth": "4.6% (Q1 2010)", "per capita": "$7,158 (2010) (nominal; 71st)                        $10,498 (2010) (PPP; 77th)", "sectors": "agriculture (0.9%), industry (20.6%), services (78.5%)", "inflation": "4.6% (May 2010)", "poverty": "35.7% (2006 est.) <ref name", "labour": "17.32 million economically active (2009 est.)", "occupations": "agriculture: 9%, industry: 26%, services: 65% (2007 est.)", "unemployment": "24% (2009 est.)", "edbr": "34th<ref name", "industries": "mining (world's largest producer of platinum, gold, chromium), automobile assembly, metalworking, machinery, textiles, iron and steel, chemicals, fertiliser, foodstuffs, commercial ship repair", "exports": "$67.93 billion (2009 est.) |export-goods", "imports": "$70.24 billion (2009 est.) |import-goods", "FDI": "$125.7 billion (31 December 2009 est.)", "debt": "35.7% of GDP (2009 est.) |gross external debt", "revenue": "$74.92 billion (2009 est.)", "expenses": "$86.26 billion (2009 est.)", "reserves": "US$49.287 billion (March 2011)", "aid": "ODA $19 billion, 0.2% of GDP (2004)", "cianame": "sf", "spelling": "Oxford "}, "2011-11-22T16:37:44Z": {"organs": "WTO, G-20, SACU and others", "rank": "29th", "gdp": "$357.4 billion (2010) (nominal; 29th)                        $524.6 billion (2010) (PPP; 25th)", "growth": "4.6% (Q1 2010)", "per capita": "$7,158 (2010) (nominal; 71st)                        $10,498 (2010) (PPP; 77th)", "sectors": "agriculture (0.9%), industry (20.6%), services (78.5%)", "inflation": "4.6% (May 2010)", "poverty": "35.7% (2006 est.) <ref name", "labour": "17.32 million economically active (2009 est.)", "occupations": "agriculture: 9%, industry: 26%, services: 65% (2007 est.)", "unemployment": "24% (2009 est.)", "edbr": "35th<ref name", "industries": "mining (world's largest producer of platinum, gold, chromium), automobile assembly, metalworking, machinery, textiles, iron and steel, chemicals, fertiliser, foodstuffs, commercial ship repair", "exports": "$67.93 billion (2009 est.) |export-goods", "imports": "$70.24 billion (2009 est.) |import-goods", "FDI": "$125.7 billion (31 December 2009 est.)", "debt": "35.7% of GDP (2009 est.) |gross external debt", "revenue": "$74.92 billion (2009 est.)", "expenses": "$86.26 billion (2009 est.)", "reserves": "US$49.287 billion (March 2011)", "aid": "ODA $19 billion, 0.2% of GDP (2004)", "cianame": "sf", "spelling": "Oxford "}, "2011-12-12T20:09:26Z": {"organs": "WTO, G-20, SACU and others", "rank": "29th", "gdp": "$357.4 billion (2010) (nominal; 29th)                        $524.6 billion (2010) (PPP; 25th)", "growth": "4.6% (Q1 2010)", "per capita": "$7,158 (2010) (nominal; 71st)                        $10,498 (2010) (PPP; 77th)", "sectors": "agriculture (0.9%), industry (20.6%), services (78.5%)", "inflation": "4.6% (May 2010)", "poverty": "35.7% (2006 est.) <ref name", "labor": "17.32 million economically active (2009 est.)", "occupations": "agriculture: 9%, industry: 26%, services: 65% (2007 est.)", "unemployment": "24% (2009 est.)", "edbr": "35th<ref name", "industries": "mining (world's largest producer of platinum, gold, chromium), automobile assembly, metalworking, machinery, textiles, iron and steel, chemicals, fertiliser, foodstuffs, commercial ship repair", "exports": "$67.93 billion (2009 est.) |export-goods", "imports": "$70.24 billion (2009 est.) |import-goods", "FDI": "$125.7 billion (31 December 2009 est.)", "debt": "35.7% of GDP (2009 est.) |gross external debt", "revenue": "$74.92 billion (2009 est.)", "expenses": "$86.26 billion (2009 est.)", "reserves": "US$49.287 billion (March 2011)", "aid": "ODA $19 billion, 0.2% of GDP (2004)", "cianame": "sf", "spelling": "Oxford "}, "2011-12-22T22:46:02Z": {"organs": "WTO, G-20, SACU and others", "rank": "29th", "gdp": "$357.4 billion (2010) (nominal; 29th)                        $524.6 billion (2010) (PPP; 25th)", "growth": "4.6% (Q1 2010)", "per capita": "$7,158 (2010) (nominal; 71st)                        $10,498 (2010) (PPP; 77th)", "sectors": "agriculture (0.9%), industry (20.6%), services (78.5%)", "inflation": "4.6% (May 2010)", "poverty": "35.7% (2006 est.)<ref name", "labor": "17.32 million economically active (2009 est.)", "occupations": "agriculture: 9%, industry: 26%, services: 65% (2007 est.)", "unemployment": "24% (2009 est.)", "edbr": "35th<ref name", "industries": "mining (world's largest producer of platinum, gold, chromium), automobile assembly, metalworking, machinery, textiles, iron and steel, chemicals, fertiliser, foodstuffs, commercial ship repair", "exports": "$67.93 billion (2009 est.) |export-goods", "imports": "$70.24 billion (2009 est.) |import-goods", "FDI": "$125.7 billion (31 December 2009 est.)", "debt": "35.7% of GDP (2009 est.) |gross external debt", "revenue": "$74.92 billion (2009 est.)", "expenses": "$86.26 billion (2009 est.)", "reserves": "US$49.287 billion (March 2011)", "aid": "ODA $19 billion, 0.2% of GDP (2004)", "cianame": "sf", "spelling": "Oxford "}, "2014-01-01T22:36:13Z": {"Cash money": "Rand (ZAR)", "organs": "WTO, G-20, SACU and others", "rank": "28th", "gdp": "$390.9 billion (2012 est.) (nominal; 28th)                        $585.6 billion (2012 est.) (PPP; 24th)", "growth": "Increase +2.6% (2012 est.)", "per capita": "$8,078 (2011) (nominal; 71st)                        $11,035 (2011 est.) (PPP; 77th)", "sectors": "agriculture 2.5%, industry 31.6%, services 65.9% (2011 est.)", "inflation": "5% (2011 est.)", "poverty": "31.3% (2009 est.)<ref name", "labour": "17.89 million (2012 est.)", "occupations": "agriculture: 9%, industry: 26%, services: 65% (2007 est.)", "unemployment": "25.2% (Q1 2013 est.)", "edbr": "39th", "industries": "mining (world's largest producer of platinum), gold, chromium, automobile assembly, metalworking, machinery, textiles, iron and steel, chemicals, fertiliser, foodstuffs, commercial ship repair", "exports": "$101.2 billion (2012 est.) |export-goods", "imports": "$106.8 billion (2012 est.) |import-goods", "FDI": "$73.6 billion (31 December 2011 est.)", "debt": "43.3% of GDP (2012 est.) |gross external debt", "revenue": "$95.27 billion (2012 est.)", "expenses": "$116.5 billion (2012 est.)", "reserves": "$54.98 billion (31 December 2012 est.)", "aid": "ODA $19 billion, 0.2% of GDP (2004)", "cianame": "sf", "spelling": "Oxford "}, "2014-05-25T10:12:24Z": {"Cash money": "Rand (ZAR)", "organs": "WTO, G-20, SACU and others", "rank": "28th", "gdp": "$390.9 billion (2012 est.) (nominal; 28th)                        $625 billion (2012 est.) (PPP; 24th)", "growth": "Increase +2.6% (2012 est.)", "per capita": "$8,078 (2011) (nominal; 71st)                        $11,035 (2011 est.) (PPP; 77th)", "sectors": "agriculture 2.5%, industry 31.6%, services 65.9% (2011 est.)", "inflation": "5% (2011 est.)", "poverty": "31.3% (2009 est.)<ref name", "labour": "17.89 million (2012 est.)", "occupations": "agriculture: 9%, industry: 26%, services: 65% (2007 est.)", "unemployment": "25.2% (Q1 2013 est.)", "edbr": "39th", "industries": "mining (world's largest producer of platinum), gold, chromium, automobile assembly, metalworking, machinery, textiles, iron and steel, chemicals, fertiliser, foodstuffs, commercial ship repair", "exports": "$101.2 billion (2012 est.) |export-goods", "imports": "$106.8 billion (2012 est.) |import-goods", "FDI": "$73.6 billion (31 December 2011 est.)", "debt": "43.3% of GDP (2012 est.) |gross external debt", "revenue": "$95.27 billion (2012 est.)", "expenses": "$116.5 billion (2012 est.)", "reserves": "$54.98 billion (31 December 2012 est.)", "aid": "ODA $19 billion, 0.2% of GDP (2004)", "cianame": "sf", "spelling": "Oxford "}, "2014-05-25T12:43:06Z": {"Cash money": "Rand (ZAR)", "organs": "WTO, G-20, SACU and others", "rank": "28th", "gdp": "$390.9 billion (2012 est.) (nominal; 28th)                        $623.201 billion (2012 est.) (PPP; 24th)", "growth": "Increase +2.6% (2012 est.)", "per capita": "$8,078 (2011) (nominal; 71st)                        $11,035 (2011 est.) (PPP; 77th)", "sectors": "agriculture 2.5%, industry 31.6%, services 65.9% (2011 est.)", "inflation": "5% (2011 est.)", "poverty": "31.3% (2009 est.)<ref name", "labour": "17.89 million (2012 est.)", "occupations": "agriculture: 9%, industry: 26%, services: 65% (2007 est.)", "unemployment": "25.2% (Q1 2013 est.)", "edbr": "39th", "industries": "mining (world's largest producer of platinum), gold, chromium, automobile assembly, metalworking, machinery, textiles, iron and steel, chemicals, fertiliser, foodstuffs, commercial ship repair", "exports": "$101.2 billion (2012 est.) |export-goods", "imports": "$106.8 billion (2012 est.) |import-goods", "FDI": "$73.6 billion (31 December 2011 est.)", "debt": "43.3% of GDP (2012 est.) |gross external debt", "revenue": "$95.27 billion (2012 est.)", "expenses": "$116.5 billion (2012 est.)", "reserves": "$54.98 billion (31 December 2012 est.)", "aid": "ODA $19 billion, 0.2% of GDP (2004)", "cianame": "sf", "spelling": "Oxford "}, "2014-05-25T12:48:13Z": {"Cash money": "Rand (ZAR)", "organs": "WTO, G-20, SACU and others", "rank": "28th", "gdp": "$390.9 billion (2012 est.) (nominal; 28th)                        $623.201 billion (2014 est.) (PPP; 25th)", "growth": "Increase +2.6% (2012 est.)", "per capita": "$8,078 (2011) (nominal; 71st)                        $11,035 (2011 est.) (PPP; 77th)", "sectors": "agriculture 2.5%, industry 31.6%, services 65.9% (2011 est.)", "inflation": "5% (2011 est.)", "poverty": "31.3% (2009 est.)<ref name", "labour": "17.89 million (2012 est.)", "occupations": "agriculture: 9%, industry: 26%, services: 65% (2007 est.)", "unemployment": "25.2% (Q1 2013 est.)", "edbr": "39th", "industries": "mining (world's largest producer of platinum), gold, chromium, automobile assembly, metalworking, machinery, textiles, iron and steel, chemicals, fertiliser, foodstuffs, commercial ship repair", "exports": "$101.2 billion (2012 est.) |export-goods", "imports": "$106.8 billion (2012 est.) |import-goods", "FDI": "$73.6 billion (31 December 2011 est.)", "debt": "43.3% of GDP (2012 est.) |gross external debt", "revenue": "$95.27 billion (2012 est.)", "expenses": "$116.5 billion (2012 est.)", "reserves": "$54.98 billion (31 December 2012 est.)", "aid": "ODA $19 billion, 0.2% of GDP (2004)", "cianame": "sf", "spelling": "Oxford "}, "2014-05-25T14:29:09Z": {"Cash money": "Rand (ZAR)", "organs": "WTO, G-20, SACU and others", "rank": "28th", "gdp": "$390.9 billion (2012 est.) (nominal; 28th)                        $585.6 billion (2012 est.) (PPP; 24th)", "growth": "Increase +2.6% (2012 est.)", "per capita": "$8,078 (2011) (nominal; 71st)                        $11,035 (2011 est.) (PPP; 77th)", "sectors": "agriculture 2.5%, industry 31.6%, services 65.9% (2011 est.)", "inflation": "5% (2011 est.)", "poverty": "31.3% (2009 est.)<ref name", "labour": "17.89 million (2012 est.)", "occupations": "agriculture: 9%, industry: 26%, services: 65% (2007 est.)", "unemployment": "25.2% (Q1 2013 est.)", "edbr": "39th", "industries": "mining (world's largest producer of platinum), gold, chromium, automobile assembly, metalworking, machinery, textiles, iron and steel, chemicals, fertiliser, foodstuffs, commercial ship repair", "exports": "$101.2 billion (2012 est.) |export-goods", "imports": "$106.8 billion (2012 est.) |import-goods", "FDI": "$73.6 billion (31 December 2011 est.)", "debt": "43.3% of GDP (2012 est.) |gross external debt", "revenue": "$95.27 billion (2012 est.)", "expenses": "$116.5 billion (2012 est.)", "reserves": "$54.98 billion (31 December 2012 est.)", "aid": "ODA $19 billion, 0.2% of GDP (2004)", "cianame": "sf", "spelling": "Oxford "}, "2014-08-24T20:58:47Z": {"Cash money": "Rand (ZAR)", "organs": "WTO, G-20, SACU and others", "rank": "28th", "gdp": "$390.9 billion (2012 est.) (nominal; 28th)                        $585.6 billion (2012 est.) (PPP; 24th)", "growth": "Increase +2.6% (2012 est.)", "per capita": "$6,618 (2013) (nominal; 89th)                        $12,504 (2013 est.) (PPP; 81st)", "sectors": "agriculture 2.5%, industry 31.6%, services 65.9% (2011 est.)", "inflation": "5% (2011 est.)", "poverty": "31.3% (2009 est.)<ref name", "labour": "17.89 million (2012 est.)", "occupations": "agriculture: 9%, industry: 26%, services: 65% (2007 est.)", "unemployment": "25.2% (Q1 2013 est.)", "edbr": "39th", "industries": "mining (world's largest producer of platinum), gold, chromium, automobile assembly, metalworking, machinery, textiles, iron and steel, chemicals, fertiliser, foodstuffs, commercial ship repair", "exports": "$101.2 billion (2012 est.) |export-goods", "imports": "$106.8 billion (2012 est.) |import-goods", "FDI": "$73.6 billion (31 December 2011 est.)", "debt": "43.3% of GDP (2012 est.) |gross external debt", "revenue": "$95.27 billion (2012 est.)", "expenses": "$116.5 billion (2012 est.)", "reserves": "$54.98 billion (31 December 2012 est.)", "aid": "ODA $19 billion, 0.2% of GDP (2004)", "cianame": "sf", "spelling": "Oxford "}, "2014-08-24T21:02:22Z": {"Cash money": "Rand (ZAR)", "organs": "WTO, G-20, SACU and others", "rank": "28th", "gdp": "$350.6 billion (2013 est.) (nominal; 33rd)                        $662 billion (2013 est.) (PPP; 29th)", "growth": "Increase +2.6% (2012 est.)", "per capita": "$6,618 (2013) (nominal; 89th)                        $12,504 (2013 est.) (PPP; 81st)", "sectors": "agriculture 2.5%, industry 31.6%, services 65.9% (2011 est.)", "inflation": "5% (2011 est.)", "poverty": "31.3% (2009 est.)<ref name", "labour": "17.89 million (2012 est.)", "occupations": "agriculture: 9%, industry: 26%, services: 65% (2007 est.)", "unemployment": "25.2% (Q1 2013 est.)", "edbr": "39th", "industries": "mining (world's largest producer of platinum), gold, chromium, automobile assembly, metalworking, machinery, textiles, iron and steel, chemicals, fertiliser, foodstuffs, commercial ship repair", "exports": "$101.2 billion (2012 est.) |export-goods", "imports": "$106.8 billion (2012 est.) |import-goods", "FDI": "$73.6 billion (31 December 2011 est.)", "debt": "43.3% of GDP (2012 est.) |gross external debt", "revenue": "$95.27 billion (2012 est.)", "expenses": "$116.5 billion (2012 est.)", "reserves": "$54.98 billion (31 December 2012 est.)", "aid": "ODA $19 billion, 0.2% of GDP (2004)", "cianame": "sf", "spelling": "Oxford "}, "2014-09-16T07:58:20Z": {"Cash money": "Rand (ZAR)", "organs": "WTO, G-20, SACU and others", "rank": "28th", "gdp": "$350.6 billion (2013 est.) (nominal; 33rd)                        $66 billion (2013 est.) (PPP; 29th)", "growth": "Increase +2.6% (2012 est.)", "per capita": "$6,618 (2013) (nominal; 89th)                        $12,504 (2013 est.) (PPP; 81st)", "sectors": "agriculture 2.5%, industry 31.6%, services 65.9% (2011 est.)", "inflation": "5% (2011 est.)", "poverty": "31.3% (2009 est.)<ref name", "labour": "17.89 million (2012 est.)", "occupations": "agriculture: 9%, industry: 26%, services: 65% (2007 est.)", "unemployment": "25.2% (Q1 2013 est.)", "edbr": "39th", "industries": "mining (world's largest producer of platinum), gold, chromium, automobile assembly, metalworking, machinery, textiles, iron and steel, chemicals, fertiliser, foodstuffs, commercial ship repair", "exports": "$101.2 billion (2012 est.) |export-goods", "imports": "$106.8 billion (2012 est.) |import-goods", "FDI": "$73.6 billion (31 December 2011 est.)", "debt": "43.3% of GDP (2012 est.) |gross external debt", "revenue": "$95.27 billion (2012 est.)", "expenses": "$116.5 billion (2012 est.)", "reserves": "$54.98 billion (31 December 2012 est.)", "aid": "ODA $19 billion, 0.2% of GDP (2004)", "cianame": "sf", "spelling": "Oxford "}, "2014-10-10T22:25:59Z": {"Cash money": "Rand (ZAR)", "organs": "WTO, G-20, SACU and others", "rank": "28th", "gdp": "$350.6 billion (2013 est.) (nominal; 33rd)                        $660 billion (2013 est.) (PPP; 29th)", "growth": "Increase +2.6% (2012 est.)", "per capita": "$6,618 (2013) (nominal; 89th)                        $12,504 (2013 est.) (PPP; 81st)", "sectors": "agriculture 2.5%, industry 31.6%, services 65.9% (2011 est.)", "inflation": "5% (2011 est.)", "poverty": "31.3% (2009 est.)<ref name", "labour": "17.89 million (2012 est.)", "occupations": "agriculture: 9%, industry: 26%, services: 65% (2007 est.)", "unemployment": "25.2% (Q1 2013 est.)", "edbr": "39th", "industries": "mining (world's largest producer of platinum), gold, chromium, automobile assembly, metalworking, machinery, textiles, iron and steel, chemicals, fertiliser, foodstuffs, commercial ship repair", "exports": "$101.2 billion (2012 est.) |export-goods", "imports": "$106.8 billion (2012 est.) |import-goods", "FDI": "$73.6 billion (31 December 2011 est.)", "debt": "43.3% of GDP (2012 est.) |gross external debt", "revenue": "$95.27 billion (2012 est.)", "expenses": "$116.5 billion (2012 est.)", "reserves": "$54.98 billion (31 December 2012 est.)", "aid": "ODA $19 billion, 0.2% of GDP (2004)", "cianame": "sf", "spelling": "Oxford "}, "2014-11-30T04:30:43Z": {"Cash money": "Rand (ZAR)", "organs": "WTO, G-20, SACU and others", "gdp rank": "34th (nominal) / 25th (PPP)", "gdp": "$350.6 billion (2013 est.) (nominal; 33rd)                        $660 billion (2013 est.) (PPP; 29th)", "growth": "Increase +2.6% (2012 est.)", "per capita": "$6,618 (2013) (nominal; 89th)                        $12,504 (2013 est.) (PPP; 81st)", "sectors": "agriculture 2.5%, industry 31.6%, services 65.9% (2011 est.)", "inflation": "5% (2011 est.)", "poverty": "31.3% (2009 est.)<ref name", "labour": "17.89 million (2012 est.)", "occupations": "agriculture: 9%, industry: 26%, services: 65% (2007 est.)", "unemployment": "25.2% (Q1 2013 est.)", "edbr": "39th", "industries": "mining (world's largest producer of platinum), gold, chromium, automobile assembly, metalworking, machinery, textiles, iron and steel, chemicals, fertiliser, foodstuffs, commercial ship repair", "exports": "$101.2 billion (2012 est.) |export-goods", "imports": "$106.8 billion (2012 est.) |import-goods", "FDI": "$73.6 billion (31 December 2011 est.)", "debt": "43.3% of GDP (2012 est.) |gross external debt", "revenue": "$95.27 billion (2012 est.)", "expenses": "$116.5 billion (2012 est.)", "reserves": "$54.98 billion (31 December 2012 est.)", "aid": "ODA $19 billion, 0.2% of GDP (2004)", "cianame": "sf", "spelling": "Oxford "}, "2014-12-03T22:12:23Z": {"Cash money": "Rand (ZAR)", "organs": "WTO, G-20, SACU and others", "gdp rank": "34th (nominal) / 25th (PPP)", "gdp": "$350.6 billion (2013 est.) (nominal; 33rd)                        $660 billion (2013 est.) (PPP; 29th)", "growth": "Increase +2.6% (2012 est.)", "per capita": "$6,618 (2013) (nominal; 89th)                        $12,504 (2013 est.) (PPP; 81st)", "sectors": "agriculture 2.5%, industry 31.6%, services 65.9% (2011 est.)", "inflation": "5% (2011 est.)", "poverty": "26.2% (2011 est.)<ref name", "labour": "17.89 million (2012 est.)", "occupations": "agriculture: 9%, industry: 26%, services: 65% (2007 est.)", "unemployment": "25.2% (Q1 2013 est.)", "edbr": "39th", "industries": "mining (world's largest producer of platinum), gold, chromium, automobile assembly, metalworking, machinery, textiles, iron and steel, chemicals, fertiliser, foodstuffs, commercial ship repair", "exports": "$101.2 billion (2012 est.) |export-goods", "imports": "$106.8 billion (2012 est.) |import-goods", "FDI": "$73.6 billion (31 December 2011 est.)", "debt": "43.3% of GDP (2012 est.) |gross external debt", "revenue": "$95.27 billion (2012 est.)", "expenses": "$116.5 billion (2012 est.)", "reserves": "$54.98 billion (31 December 2012 est.)", "aid": "ODA $19 billion, 0.2% of GDP (2004)", "cianame": "sf", "spelling": "Oxford "}, "2016-01-09T23:09:01Z": {"Cash money": "Rand (ZAR)", "organs": "WTO, G-20, SACU and others", "gdp rank": "34th (nominal) / 25th (PPP)", "gdp": "$323.809 billion (2015 est.) (nominal; 35th)                        $725.004 billion (2015 est.) (PPP; 30th)", "growth": "Increase +1.5% (2014 est.)", "per capita": "$5,902 (2015) (nominal; 88th)                        $13,215 (2015 est.) (PPP; 90st)", "sectors": "agriculture 2.5%, industry 31.6%, services 65.9% (2011 est.)", "inflation": "5% (2011 est.)", "poverty": "26.2% (2011 est.)<ref name", "labour": "17.89 million (2012 est.)", "occupations": "agriculture: 9%, industry: 26%, services: 65% (2007 est.)", "unemployment": "25.1% (2015 est.)", "edbr": "39th", "industries": "mining (world's largest producer of platinum), gold, chromium, automobile assembly, metalworking, machinery, textiles, iron and steel, chemicals, fertiliser, foodstuffs, commercial ship repair", "exports": "$101.2 billion (2012 est.) |export-goods", "imports": "$106.8 billion (2012 est.) |import-goods", "FDI": "$73.6 billion (31 December 2011 est.)", "debt": "43.3% of GDP (2012 est.) |gross external debt", "revenue": "$95.27 billion (2012 est.)", "expenses": "$116.5 billion (2012 est.)", "reserves": "$54.98 billion (31 December 2012 est.)", "aid": "ODA $19 billion, 0.2% of GDP (2004)", "cianame": "sf", "spelling": "Oxford "}, "2016-01-09T23:09:58Z": {"Cash money": "Rand (ZAR)", "organs": "WTO, G-20, SACU and others", "gdp rank": "35th (nominal) / 30th (PPP)", "gdp": "$323.809 billion (2015 est.) (nominal; 35th)                        $725.004 billion (2015 est.) (PPP; 30th)", "growth": "Increase +1.5% (2014 est.)", "per capita": "$5,902 (2015) (nominal; 88th)                        $13,215 (2015 est.) (PPP; 90st)", "sectors": "agriculture 2.5%, industry 31.6%, services 65.9% (2011 est.)", "inflation": "5% (2011 est.)", "poverty": "26.2% (2011 est.)<ref name", "labour": "17.89 million (2012 est.)", "occupations": "agriculture: 9%, industry: 26%, services: 65% (2007 est.)", "unemployment": "25.1% (2015 est.)", "edbr": "39th", "industries": "mining (world's largest producer of platinum), gold, chromium, automobile assembly, metalworking, machinery, textiles, iron and steel, chemicals, fertiliser, foodstuffs, commercial ship repair", "exports": "$101.2 billion (2012 est.) |export-goods", "imports": "$106.8 billion (2012 est.) |import-goods", "FDI": "$73.6 billion (31 December 2011 est.)", "debt": "43.3% of GDP (2012 est.) |gross external debt", "revenue": "$95.27 billion (2012 est.)", "expenses": "$116.5 billion (2012 est.)", "reserves": "$54.98 billion (31 December 2012 est.)", "aid": "ODA $19 billion, 0.2% of GDP (2004)", "cianame": "sf", "spelling": "Oxford "}, "2016-01-09T23:11:17Z": {"Cash money": "Rand (ZAR)", "organs": "WTO, G-20, SACU and others", "gdp rank": "35th (nominal) / 30th (PPP)", "gdp": "$323.809 billion (2015 est.) (nominal; 35th)                        $725.004 billion (2015 est.) (PPP; 30th)", "growth": "Increase -1.5% (2014 est.)", "per capita": "$5,902 (2015) (nominal; 88th)                        $13,215 (2015 est.) (PPP; 90st)", "sectors": "agriculture 2.5%, industry 31.6%, services 65.9% (2011 est.)", "inflation": "5% (2011 est.)", "poverty": "26.2% (2011 est.)<ref name", "labour": "17.89 million (2012 est.)", "occupations": "agriculture: 9%, industry: 26%, services: 65% (2007 est.)", "unemployment": "25.1% (2015 est.)", "edbr": "39th", "industries": "mining (world's largest producer of platinum), gold, chromium, automobile assembly, metalworking, machinery, textiles, iron and steel, chemicals, fertiliser, foodstuffs, commercial ship repair", "exports": "$101.2 billion (2012 est.) |export-goods", "imports": "$106.8 billion (2012 est.) |import-goods", "FDI": "$73.6 billion (31 December 2011 est.)", "debt": "43.3% of GDP (2012 est.) |gross external debt", "revenue": "$95.27 billion (2012 est.)", "expenses": "$116.5 billion (2012 est.)", "reserves": "$54.98 billion (31 December 2012 est.)", "aid": "ODA $19 billion, 0.2% of GDP (2004)", "cianame": "sf", "spelling": "Oxford "}, "2016-01-09T23:11:43Z": {"Cash money": "Rand (ZAR)", "organs": "WTO, G-20, SACU and others", "gdp rank": "35th (nominal) / 30th (PPP)", "gdp": "$323.809 billion (2015 est.) (nominal; 35th)                        $725.004 billion (2015 est.) (PPP; 30th)", "growth": "Decrease -1.5% (2014 est.)", "per capita": "$5,902 (2015) (nominal; 88th)                        $13,215 (2015 est.) (PPP; 90st)", "sectors": "agriculture 2.5%, industry 31.6%, services 65.9% (2011 est.)", "inflation": "5% (2011 est.)", "poverty": "26.2% (2011 est.)<ref name", "labour": "17.89 million (2012 est.)", "occupations": "agriculture: 9%, industry: 26%, services: 65% (2007 est.)", "unemployment": "25.1% (2015 est.)", "edbr": "39th", "industries": "mining (world's largest producer of platinum), gold, chromium, automobile assembly, metalworking, machinery, textiles, iron and steel, chemicals, fertiliser, foodstuffs, commercial ship repair", "exports": "$101.2 billion (2012 est.) |export-goods", "imports": "$106.8 billion (2012 est.) |import-goods", "FDI": "$73.6 billion (31 December 2011 est.)", "debt": "43.3% of GDP (2012 est.) |gross external debt", "revenue": "$95.27 billion (2012 est.)", "expenses": "$116.5 billion (2012 est.)", "reserves": "$54.98 billion (31 December 2012 est.)", "aid": "ODA $19 billion, 0.2% of GDP (2004)", "cianame": "sf", "spelling": "Oxford "}, "2016-01-09T23:12:12Z": {"Cash money": "Rand (ZAR)", "organs": "WTO, G-20, SACU and others", "gdp rank": "35th (nominal) / 30th (PPP)", "gdp": "$323.809 billion (2015 est.) (nominal; 35th)                        $725.004 billion (2015 est.) (PPP; 30th)", "growth": "Increase +1.5% (2014 est.)", "per capita": "$5,902 (2015) (nominal; 88th)                        $13,215 (2015 est.) (PPP; 90st)", "sectors": "agriculture 2.5%, industry 31.6%, services 65.9% (2011 est.)", "inflation": "5% (2011 est.)", "poverty": "26.2% (2011 est.)<ref name", "labour": "17.89 million (2012 est.)", "occupations": "agriculture: 9%, industry: 26%, services: 65% (2007 est.)", "unemployment": "25.1% (2015 est.)", "edbr": "39th", "industries": "mining (world's largest producer of platinum), gold, chromium, automobile assembly, metalworking, machinery, textiles, iron and steel, chemicals, fertiliser, foodstuffs, commercial ship repair", "exports": "$101.2 billion (2012 est.) |export-goods", "imports": "$106.8 billion (2012 est.) |import-goods", "FDI": "$73.6 billion (31 December 2011 est.)", "debt": "43.3% of GDP (2012 est.) |gross external debt", "revenue": "$95.27 billion (2012 est.)", "expenses": "$116.5 billion (2012 est.)", "reserves": "$54.98 billion (31 December 2012 est.)", "aid": "ODA $19 billion, 0.2% of GDP (2004)", "cianame": "sf", "spelling": "Oxford "}, "2016-01-16T11:06:15Z": {"Cash money": "Rand (ZAR)", "organs": "WTO, G-20, SACU and others", "gdp rank": "35th (nominal) / 30th (PPP)", "gdp": "$323.809 billion (2015 est.) (nominal; 35th)                        $725.004 billion (2015 est.) (PPP; 30th)", "growth": "Increase +0.7% (Q3, 2015 est.)", "per capita": "$5,902 (2015) (nominal; 88th)                        $13,215 (2015 est.) (PPP; 90st)", "sectors": "agriculture 2.5%, industry 31.6%, services 65.9% (2011 est.)", "inflation": "4.4% (January 2015)", "poverty": "26.2% (2011 est.)<ref name", "labour": "20.994 million (Q1, 2015 est.)", "occupations": "agriculture: 9%, industry: 26%, services: 65% (2007 est.)", "unemployment": "25.1% (2015 est.)", "edbr": "39th", "industries": "mining (world's largest producer of platinum), gold, chromium, automobile assembly, metalworking, machinery, textiles, iron and steel, chemicals, fertiliser, foodstuffs, commercial ship repair", "exports": "$91.047 billion (2014 est.) World Trade Organization (WTO) |export-goods", "imports": "$121.940 billion (2014 est.) World Trade Organization (WTO) |import-goods", "FDI": "$73.6 billion (31 December 2011 est.)", "debt": "43.3% of GDP (2012 est.) |gross external debt", "revenue": "$95.27 billion (2012 est.)", "expenses": "$116.5 billion (2012 est.)", "reserves": "$54.98 billion (31 December 2012 est.)", "aid": "ODA $19 billion, 0.2% of GDP (2004)", "cianame": "sf", "spelling": "Oxford "}, "2016-08-01T21:43:10Z": {"Cash money": "Rand (ZAR)", "organs": "WTO, G-20, SACU and others", "gdp rank": "35th (nominal) / 30th (PPP)", "gdp": "$323.809 billion (2015 est.) (nominal; 35th)                        $725.004 billion (2015 est.) (PPP; 30th)", "growth": "Increase +0.7% (Q3, 2015 est.)", "per capita": "$5,902 (2015) (nominal; 88th)                        $13,215 (2015 est.) (PPP; 90th)", "sectors": "agriculture 2.5%, industry 31.6%, services 65.9% (2011 est.)", "inflation": "4.4% (January 2015)", "poverty": "26.2% (2011 est.)<ref name", "labour": "20.994 million (Q1, 2015 est.)", "occupations": "agriculture: 9%, industry: 26%, services: 65% (2007 est.)", "unemployment": "25.1% (2015 est.)", "edbr": "39th", "industries": "mining (world's largest producer of platinum), gold, chromium, automobile assembly, metalworking, machinery, textiles, iron and steel, chemicals, fertiliser, foodstuffs, commercial ship repair", "exports": "$91.047 billion (2014 est.) World Trade Organization (WTO) |export-goods", "imports": "$121.940 billion (2014 est.) World Trade Organization (WTO) |import-goods", "FDI": "$73.6 billion (31 December 2011 est.)", "debt": "43.3% of GDP (2012 est.) |gross external debt", "revenue": "$95.27 billion (2012 est.)", "expenses": "$116.5 billion (2012 est.)", "reserves": "$54.98 billion (31 December 2012 est.)", "aid": "ODA $19 billion, 0.2% of GDP (2004)", "cianame": "sf", "spelling": "Oxford "}, "2016-09-27T19:46:23Z": {"Cash money": "Rand (ZAR)", "organs": "WTO, G-20, SACU and others", "gdp rank": "35th (nominal) / 30th (PPP)", "gdp": "$323.809 billion (2015 est.) (nominal; 35th)                        $725.004 billion (2015 est.) (PPP; 30th)", "growth": "1.5% (2014), 1.3% (2015e), , 0.6% (2016f), 1.1% (2017f)<ref name", "per capita": "$5,902 (2015) (nominal; 88th)                        $13,215 (2015 est.) (PPP; 90th)", "sectors": "agriculture 2.5%, industry 31.6%, services 65.9% (2011 est.)", "inflation": "4.4% (January 2015)", "poverty": "26.2% (2011 est.)<ref name", "labour": "20.994 million (Q1, 2015 est.)", "occupations": "agriculture: 9%, industry: 26%, services: 65% (2007 est.)", "unemployment": "25.1% (2015 est.)", "edbr": "39th", "industries": "mining (world's largest producer of platinum), gold, chromium, automobile assembly, metalworking, machinery, textiles, iron and steel, chemicals, fertiliser, foodstuffs, commercial ship repair", "exports": "$91.047 billion (2014 est.) World Trade Organization (WTO) |export-goods", "imports": "$121.940 billion (2014 est.) World Trade Organization (WTO) |import-goods", "FDI": "$73.6 billion (31 December 2011 est.)", "debt": "43.3% of GDP (2012 est.) |gross external debt", "revenue": "$95.27 billion (2012 est.)", "expenses": "$116.5 billion (2012 est.)", "reserves": "$54.98 billion (31 December 2012 est.)", "aid": "ODA $19 billion, 0.2% of GDP (2004)", "cianame": "sf", "spelling": "Oxford "}, "2016-11-22T17:12:18Z": {"Cash money": "Rand (ZAR)", "organs": "WTO, G-20, SACU and others", "gdp rank": "35th (nominal) / 30th (PPP)", "gdp": "$323.809 billion (2015 est.) (nominal; 35th)                        $725.004 billion (2015 est.) (PPP; 30th)", "growth": "1.5% (2014), 1.3% (2015e), , 0.6% (2016f), 1.1% (2017f)<ref name", "per capita": "$5,902 (2015) (nominal; 88th)                        $13,215 (2015 est.) (PPP; 90th)", "sectors": "agriculture 2.5%, industry 31.6%, services 65.9% (2011 est.)", "inflation": "4.4% (January 2015)", "poverty": "26.2% (2011 est.)<ref name", "labour": "20.994 million (Q1, 2015 est.)", "occupations": "agriculture: 9%, industry: 26%, services: 65% (2007 est.)", "unemployment": "27.1% (Q3 2016)", "edbr": "39th", "industries": "mining (world's largest producer of platinum), gold, chromium, automobile assembly, metalworking, machinery, textiles, iron and steel, chemicals, fertiliser, foodstuffs, commercial ship repair", "exports": "$91.047 billion (2014 est.) World Trade Organization (WTO) |export-goods", "imports": "$121.940 billion (2014 est.) World Trade Organization (WTO) |import-goods", "FDI": "$73.6 billion (31 December 2011 est.)", "debt": "43.3% of GDP (2012 est.) |gross external debt", "revenue": "$95.27 billion (2012 est.)", "expenses": "$116.5 billion (2012 est.)", "reserves": "$54.98 billion (31 December 2012 est.)", "aid": "ODA $19 billion, 0.2% of GDP (2004)", "cianame": "sf", "spelling": "Oxford "}, "2016-12-19T20:42:32Z": {"Cash money": "Rand (ZAR)", "organs": "WTO, G-20, SACU and others", "gdp rank": "35th (nominal) / 30th (PPP)", "gdp": "$323.809 billion (2015 est.) (nominal; 35th)                        $725.004 billion (2015 est.) (PPP; 30th)", "growth": "1.5% (2014), 1.3% (2015e), , 0.6% (2016f), 1.1% (2017f)<ref name", "per capita": "$5,902 (2015) (nominal; 88th)                        $13,215 (2015 est.) (PPP; 90th)", "sectors": "agriculture 2.5%, industry 31.6%, services 65.9% (2011 est.)", "inflation": "4.4% (January 2015)", "poverty": "26.2% (2011 est.)<ref name", "labour": "20.994 million (Q1, 2015 est.)", "occupations": "agriculture: 9%, industry: 26%, services: 65% (2007 est.)", "unemployment": "27.1% (Q3 2016)", "edbr": "39th", "deadurl": "yes", "industries": "mining (world's largest producer of platinum), gold, chromium, automobile assembly, metalworking, machinery, textiles, iron and steel, chemicals, fertiliser, foodstuffs, commercial ship repair", "exports": "$91.047 billion (2014 est.) World Trade Organization (WTO) |export-goods", "imports": "$121.940 billion (2014 est.) World Trade Organization (WTO) |import-goods", "FDI": "$73.6 billion (31 December 2011 est.)", "debt": "43.3% of GDP (2012 est.) |gross external debt", "revenue": "$95.27 billion (2012 est.)", "expenses": "$116.5 billion (2012 est.)", "reserves": "$54.98 billion (31 December 2012 est.)", "aid": "ODA $19 billion, 0.2% of GDP (2004)", "cianame": "sf", "spelling": "Oxford "}, "2017-01-06T20:00:14Z": {"Cash money": "Rand (ZAR)", "organs": "WTO, G-20, SACU and others bfhsjghdjggdjvhshfjgjdjd gdjbmznbmdj South Africa is stupid", "gdp rank": "35th (nominal) / 30th (PPP)", "gdp": "$323.809 billion (2015 est.) (nominal; 35th)                        $725.004 billion (2015 est.) (PPP; 30th)", "growth": "1.5% (2014), 1.3% (2015e), , 0.6% (2016f), 1.1% (2017f)<ref name", "per capita": "$5,902 (2015) (nominal; 88th)                        $13,215 (2015 est.) (PPP; 90th)", "sectors": "agriculture 2.5%, industry 31.6%, services 65.9% (2011 est.)", "inflation": "4.4% (January 2015)", "poverty": "26.2% (2011 est.)<ref name", "labour": "20.994 million (Q1, 2015 est.)", "occupations": "agriculture: 9%, industry: 26%, services: 65% (2007 est.)", "unemployment": "27.1% (Q3 2016)", "edbr": "39th", "deadurl": "yes", "industries": "mining (world's largest producer of platinum), gold, chromium, automobile assembly, metalworking, machinery, textiles, iron and steel, chemicals, fertiliser, foodstuffs, commercial ship repair", "exports": "$91.047 billion (2014 est.) World Trade Organization (WTO) |export-goods", "imports": "$121.940 billion (2014 est.) World Trade Organization (WTO) |import-goods", "FDI": "$73.6 billion (31 December 2011 est.)", "debt": "43.3% of GDP (2012 est.) |gross external debt", "revenue": "$95.27 billion (2012 est.)", "expenses": "$116.5 billion (2012 est.)", "reserves": "$54.98 billion (31 December 2012 est.)", "aid": "ODA $19 billion, 0.2% of GDP (2004)", "cianame": "sf", "spelling": "Oxford "}, "2017-01-06T20:00:18Z": {"Cash money": "Rand (ZAR)", "organs": "WTO, G-20, SACU and others", "gdp rank": "35th (nominal) / 30th (PPP)", "gdp": "$323.809 billion (2015 est.) (nominal; 35th)                        $725.004 billion (2015 est.) (PPP; 30th)", "growth": "1.5% (2014), 1.3% (2015e), , 0.6% (2016f), 1.1% (2017f)<ref name", "per capita": "$5,902 (2015) (nominal; 88th)                        $13,215 (2015 est.) (PPP; 90th)", "sectors": "agriculture 2.5%, industry 31.6%, services 65.9% (2011 est.)", "inflation": "4.4% (January 2015)", "poverty": "26.2% (2011 est.)<ref name", "labour": "20.994 million (Q1, 2015 est.)", "occupations": "agriculture: 9%, industry: 26%, services: 65% (2007 est.)", "unemployment": "27.1% (Q3 2016)", "edbr": "39th", "deadurl": "yes", "industries": "mining (world's largest producer of platinum), gold, chromium, automobile assembly, metalworking, machinery, textiles, iron and steel, chemicals, fertiliser, foodstuffs, commercial ship repair", "exports": "$91.047 billion (2014 est.) World Trade Organization (WTO) |export-goods", "imports": "$121.940 billion (2014 est.) World Trade Organization (WTO) |import-goods", "FDI": "$73.6 billion (31 December 2011 est.)", "debt": "43.3% of GDP (2012 est.) |gross external debt", "revenue": "$95.27 billion (2012 est.)", "expenses": "$116.5 billion (2012 est.)", "reserves": "$54.98 billion (31 December 2012 est.)", "aid": "ODA $19 billion, 0.2% of GDP (2004)", "cianame": "sf", "spelling": "Oxford "}, "2017-01-24T23:50:12Z": {"Cash money": "Rand (ZAR)", "organs": "WTO, G-20, SACU and others", "gdp rank": "35th (nominal) / 30th (PPP)", "gdp": "$323.809 billion (2015 est.) (nominal; 35th)                        $725.004 billion (2015 est.) (PPP; 30th)", "growth": "1.5% (2014), 1.3% (2015e), , 0.6% (2016f), 1.1% (2017f)<ref name", "per capita": "$5,902 (2015) (nominal; 88th)                        $13,215 (2015 est.) (PPP; 90th)", "sectors": "agriculture 2.5%, industry 31.6%, services 65.9% (2011 est.)", "inflation": "4.4% (January 2015)", "poverty": "26.2% (2011 est.)<ref name", "labour": "20.994 million (Q1, 2015 est.)", "occupations": "agriculture: 9%, industry: 26%, services: 65% (2007 est.)", "unemployment": "27.1% (Q3 2016)", "edbr": "74th (2017)", "industries": "mining (world's largest producer of platinum), gold, chromium, automobile assembly, metalworking, machinery, textiles, iron and steel, chemicals, fertiliser, foodstuffs, commercial ship repair", "exports": "$91.047 billion (2014 est.) World Trade Organization (WTO) |export-goods", "imports": "$121.940 billion (2014 est.) World Trade Organization (WTO) |import-goods", "FDI": "$73.6 billion (31 December 2011 est.)", "debt": "43.3% of GDP (2012 est.) |gross external debt", "revenue": "$95.27 billion (2012 est.)", "expenses": "$116.5 billion (2012 est.)", "reserves": "$54.98 billion (31 December 2012 est.)", "aid": "ODA $19 billion, 0.2% of GDP (2004)", "cianame": "sf", "spelling": "Oxford "}, "2017-02-03T23:30:00Z": {"Cash money": "Rand (ZAR)", "organs": "WTO, G-20, SACU and others", "gdp rank": "35th (nominal) / 30th (PPP)", "gdp": "$323.809 billion (2015 est.) (nominal; 35th)                        $725.004 billion (2015 est.) (PPP; 30th)", "growth": "1.6% (2014), 1.3% (2015), , 0.4% (2016e), 1.1% (2017f)<ref name", "per capita": "$5,902 (2015) (nominal; 88th)                        $13,215 (2015 est.) (PPP; 90th)", "sectors": "agriculture 2.5%, industry 31.6%, services 65.9% (2011 est.)", "inflation": "4.4% (January 2015)", "poverty": "26.2% (2011 est.)<ref name", "labour": "20.994 million (Q1, 2015 est.)", "occupations": "agriculture: 9%, industry: 26%, services: 65% (2007 est.)", "unemployment": "27.1% (Q3 2016)", "edbr": "74th (2017)", "industries": "mining (world's largest producer of platinum), gold, chromium, automobile assembly, metalworking, machinery, textiles, iron and steel, chemicals, fertiliser, foodstuffs, commercial ship repair", "exports": "$91.047 billion (2014 est.) World Trade Organization (WTO) |export-goods", "imports": "$121.940 billion (2014 est.) World Trade Organization (WTO) |import-goods", "FDI": "$73.6 billion (31 December 2011 est.)", "debt": "43.3% of GDP (2012 est.) |gross external debt", "revenue": "$95.27 billion (2012 est.)", "expenses": "$116.5 billion (2012 est.)", "reserves": "$54.98 billion (31 December 2012 est.)", "aid": "ODA $19 billion, 0.2% of GDP (2004)", "cianame": "sf", "spelling": "Oxford "}, "2017-04-06T20:15:25Z": {"gdp": "$621.809 billion (2017 est.) (nominal; List of countries by GDP (nominal))                        $1003.004 billion (2017 est.) (PPP; List of countries by GDP (PPP))", "gdp rank": "35th (nominal) / 30th (PPP)", "organs": "WTO, G-20, SACU and others", "growth": "1.6% (2014), 1.3% (2015), , 0.4% (2016e), 1.1% (2017f)<ref name", "per capita": "$5,902 (2015) (nominal; 88th)                        $13,215 (2015 est.) (PPP; 90th)", "sectors": "agriculture 2.5%, industry 31.6%, services 65.9% (2011 est.)", "inflation": "4.4% (January 2015)", "poverty": "26.2% (2011 est.)<ref name", "labour": "20.994 million (Q1, 2015 est.)", "occupations": "agriculture: 9%, industry: 26%, services: 65% (2007 est.)", "unemployment": "27.1% (Q3 2016)", "edbr": "74th (2017)", "industries": "mining (world's largest producer of platinum), gold, chromium, automobile assembly, metalworking, machinery, textiles, iron and steel, chemicals, fertiliser, foodstuffs, commercial ship repair", "exports": "$91.047 billion (2014 est.) World Trade Organization (WTO) |export-goods", "imports": "$121.940 billion (2014 est.) World Trade Organization (WTO) |import-goods", "FDI": "$73.6 billion (31 December 2011 est.)", "debt": "43.3% of GDP (2012 est.) |gross external debt", "revenue": "$95.27 billion (2012 est.)", "expenses": "$116.5 billion (2012 est.)", "reserves": "$54.98 billion (31 December 2012 est.)", "aid": "ODA $19 billion, 0.2% of GDP (2004)", "cianame": "sf", "spelling": "Oxford "}, "2017-04-08T05:12:00Z": {"gdp": "$621.80 billion (2017 est.) (nominal; List of countries by GDP (nominal))                        $1.003 trillion (2017 est.) (PPP; List of countries by GDP (PPP))", "gdp rank": "35th (nominal) / 30th (PPP)", "organs": "WTO, G-20, SACU and others", "growth": "1.6% (2014), 1.3% (2015), , 0.4% (2016e), 1.1% (2017f)<ref name", "per capita": "$5,902 (2015) (nominal; 88th)                        $13,215 (2015 est.) (PPP; 90th)", "sectors": "agriculture 2.5%, industry 31.6%, services 65.9% (2011 est.)", "inflation": "4.4% (January 2015)", "poverty": "26.2% (2011 est.)<ref name", "labour": "20.994 million (Q1, 2015 est.)", "occupations": "agriculture: 9%, industry: 26%, services: 65% (2007 est.)", "unemployment": "27.1% (Q3 2016)", "edbr": "74th (2017)", "industries": "mining (world's largest producer of platinum), gold, chromium, automobile assembly, metalworking, machinery, textiles, iron and steel, chemicals, fertiliser, foodstuffs, commercial ship repair", "exports": "$91.047 billion (2014 est.) World Trade Organization (WTO) |export-goods", "imports": "$121.940 billion (2014 est.) World Trade Organization (WTO) |import-goods", "FDI": "$73.6 billion (31 December 2011 est.)", "debt": "43.3% of GDP (2012 est.) |gross external debt", "revenue": "$95.27 billion (2012 est.)", "expenses": "$116.5 billion (2012 est.)", "reserves": "$54.98 billion (31 December 2012 est.)", "aid": "ODA $19 billion, 0.2% of GDP (2004)", "cianame": "sf", "spelling": "Oxford "}, "2017-04-18T00:20:07Z": {"gdp": "$280.37 billion (2017 est.) (nominal; List of countries by GDP (nominal))", "gdp rank": "41st (nominal) / 30th (PPP)", "organs": "WTO, G-20, SACU and others", "growth": "1.6% (2014), 1.3% (2015), , 0.4% (2016e), 1.1% (2017f)<ref name", "per capita": "$5,101 (2017 est) (nominal; 88th)                        $13,215 (2017 est.) (PPP; 90th)", "sectors": "agriculture 2.5%, industry 31.6%, services 65.9% (2011 est.)", "inflation": "4.4% (January 2015)", "poverty": "26.2% (2011 est.)<ref name", "labour": "20.994 million (Q1, 2015 est.)", "occupations": "agriculture: 9%, industry: 26%, services: 65% (2007 est.)", "unemployment": "27.1% (Q3 2016)", "edbr": "74th (2017)", "industries": "mining (world's largest producer of platinum), gold, chromium, automobile assembly, metalworking, machinery, textiles, iron and steel, chemicals, fertiliser, foodstuffs, commercial ship repair", "exports": "$91.047 billion (2014 est.) World Trade Organization (WTO) |export-goods", "imports": "$121.940 billion (2014 est.) World Trade Organization (WTO) |import-goods", "FDI": "$73.6 billion (31 December 2011 est.)", "debt": "43.3% of GDP (2012 est.) |gross external debt", "revenue": "$95.27 billion (2012 est.)", "expenses": "$116.5 billion (2012 est.)", "reserves": "$54.98 billion (31 December 2012 est.)", "aid": "ODA $19 billion, 0.2% of GDP (2004)", "cianame": "sf", "spelling": "Oxford "}, "2017-05-13T11:41:34Z": {"gdp": "$280.37 billion (2017 est.) (nominal; List of countries by GDP (nominal))", "gdp rank": "40th (nominal) / 28th (PPP)", "organs": "WTO, G-20, SACU and others", "growth": "1.6% (2014), 1.3% (2015), , 0.4% (2016e), 1.1% (2017f)<ref name", "per capita": "$5,101 (2017 est) (nominal; 88th)                        $13,215 (2017 est.) (PPP; 90th)", "sectors": "agriculture 2.5%, industry 31.6%, services 65.9% (2011 est.)", "inflation": "4.4% (January 2015)", "poverty": "26.2% (2011 est.)<ref name", "labour": "20.994 million (Q1, 2015 est.)", "occupations": "agriculture: 9%, industry: 26%, services: 65% (2007 est.)", "unemployment": "27.1% (Q3 2016)", "edbr": "74th (2017)", "industries": "mining (world's largest producer of platinum), gold, chromium, automobile assembly, metalworking, machinery, textiles, iron and steel, chemicals, fertiliser, foodstuffs, commercial ship repair", "exports": "$91.047 billion (2014 est.) World Trade Organization (WTO) |export-goods", "imports": "$121.940 billion (2014 est.) World Trade Organization (WTO) |import-goods", "FDI": "$73.6 billion (31 December 2011 est.)", "debt": "43.3% of GDP (2012 est.) |gross external debt", "revenue": "$95.27 billion (2012 est.)", "expenses": "$116.5 billion (2012 est.)", "reserves": "$54.98 billion (31 December 2012 est.)", "aid": "ODA $19 billion, 0.2% of GDP (2004)", "cianame": "sf", "spelling": "Oxford "}, "2017-05-14T08:42:32Z": {"gdp": "$326.541 billion (2017 est.) (nominal; List of countries by GDP (nominal))", "gdp rank": "40th (nominal) / 28th (PPP)", "organs": "WTO, G-20, SACU and others", "growth": "1.6% (2014), 1.3% (2015), , 0.4% (2016e), 1.1% (2017f)<ref name", "per capita": "$5,101 (2017 est) (nominal; 88th)                        $13,215 (2017 est.) (PPP; 90th)", "sectors": "agriculture 2.5%, industry 31.6%, services 65.9% (2011 est.)", "inflation": "4.4% (January 2015)", "poverty": "26.2% (2011 est.)<ref name", "labour": "20.994 million (Q1, 2015 est.)", "occupations": "agriculture: 9%, industry: 26%, services: 65% (2007 est.)", "unemployment": "27.1% (Q3 2016)", "edbr": "74th (2017)", "industries": "mining (world's largest producer of platinum), gold, chromium, automobile assembly, metalworking, machinery, textiles, iron and steel, chemicals, fertiliser, foodstuffs, commercial ship repair", "exports": "$91.047 billion (2014 est.) World Trade Organization (WTO) |export-goods", "imports": "$121.940 billion (2014 est.) World Trade Organization (WTO) |import-goods", "FDI": "$73.6 billion (31 December 2011 est.)", "debt": "43.3% of GDP (2012 est.) |gross external debt", "revenue": "$95.27 billion (2012 est.)", "expenses": "$116.5 billion (2012 est.)", "reserves": "$54.98 billion (31 December 2012 est.)", "aid": "ODA $19 billion, 0.2% of GDP (2004)", "cianame": "sf", "spelling": "Oxford "}, "2017-05-14T15:57:23Z": {"gdp": "$280.37 billion (2017 est.) (nominal; List of countries by GDP (nominal))", "gdp rank": "41st (nominal) / 30th (PPP)", "organs": "WTO, G-20, SACU and others", "growth": "1.6% (2014), 1.3% (2015), , 0.4% (2016e), 1.1% (2017f)<ref name", "per capita": "$5,101 (2017 est) (nominal; 88th)                        $13,215 (2017 est.) (PPP; 90th)", "sectors": "agriculture 2.5%, industry 31.6%, services 65.9% (2011 est.)", "inflation": "4.4% (January 2015)", "poverty": "26.2% (2011 est.)<ref name", "labour": "20.994 million (Q1, 2015 est.)", "occupations": "agriculture: 9%, industry: 26%, services: 65% (2007 est.)", "unemployment": "27.1% (Q3 2016)", "edbr": "74th (2017)", "industries": "mining (world's largest producer of platinum), gold, chromium, automobile assembly, metalworking, machinery, textiles, iron and steel, chemicals, fertiliser, foodstuffs, commercial ship repair", "exports": "$91.047 billion (2014 est.) World Trade Organization (WTO) |export-goods", "imports": "$121.940 billion (2014 est.) World Trade Organization (WTO) |import-goods", "FDI": "$73.6 billion (31 December 2011 est.)", "debt": "43.3% of GDP (2012 est.) |gross external debt", "revenue": "$95.27 billion (2012 est.)", "expenses": "$116.5 billion (2012 est.)", "reserves": "$54.98 billion (31 December 2012 est.)", "aid": "ODA $19 billion, 0.2% of GDP (2004)", "cianame": "sf", "spelling": "Oxford "}, "2017-05-19T18:31:48Z": {"gdp": "$280.37 billion (2017 est.) (nominal; List of countries by GDP (nominal))", "gdp rank": "41st (nominal) / 30th (PPP)", "organs": "WTO, G-20, SACU and others", "growth": "1.6% (2014), 1.3% (2015), , 0.4% (2016e), 1.1% (2017f)<ref name", "per capita": "$5,101 (2017 est) (nominal; 88th)                        $13,215 (2017 est.) (PPP; 90th)", "sectors": "agriculture 2.5%, industry 31.6%, services 65.9% (2011 est.)", "inflation": "4.4% (January 2015)", "poverty": "26.2% (2011 est.)<ref name", "labour": "20.994 million (Q1, 2015 est.)", "occupations": "agriculture: 9%, industry: 26%, services: 65% (2007 est.)", "unemployment": "27.1% (Q3 2016)", "edbr": "74th (2017)", "industries": "mining (world's largest producer of platinum), gold, chromium, automobile assembly, metalworking, machinery, textiles, iron and steel, chemicals, fertiliser, foodstuffs, commercial ship repair", "exports": "$91.047 billion (2014 est.) World Trade Organization (WTO) |export-goods", "imports": "$121.940 billion (2014 est.) World Trade Organization (WTO) |import-goods", "FDI": "$73.6 billion (31 December 2011 est.)", "debt": "43.3% of GDP (2012 est.) |gross external debt", "revenue": "$95.27 billion (2012 est.)", "expenses": "$116.5 billion (2012 est.)", "reserves": "$54.98 billion (31 December 2012 est.)", "aid": "ODA $19 billion, 0.2% of GDP (2004)", "cianame": "sf", "spelling": "UK "}, "2017-05-31T18:54:52Z": {"gdp": "$280.37 billion (2017 est.) (nominal; List of countries by GDP (nominal))", "gdp rank": "41st (nominal) / 30th (PPP)", "organs": "WTO, G-20, SACU and others", "growth": "1.6% (2014), 1.3% (2015), , 0.4% (2016e), 1.1% (2017f)<ref name", "per capita": "$5,101 (2017 est) (nominal; 88th)                        $13,215 (2017 est.) (PPP; 90th)", "sectors": "agriculture 2.5%, industry 31.6%, services 65.9% (2011 est.)", "inflation": "4.4% (January 2015)", "poverty": "26.2% (2011 est.)<ref name", "labour": "20.994 million (Q1, 2015 est.)", "occupations": "agriculture: 9%, industry: 26%, services: 65% (2007 est.)", "unemployment": "27.1% (Q3 2016)", "edbr": "74th (2017)", "industries": "mining (world's largest producer of platinum), gold, chromium, automobile assembly, metalworking, machinery, textiles, iron and steel, chemicals, fertiliser, foodstuffs, commercial ship repair", "exports": "$91.047 billion (2014 est.) World Trade Organization (WTO) |export-goods", "imports": "$121.940 billion (2014 est.) World Trade Organization (WTO) |import-goods", "FDI": "$73.6 billion (31 December 2011 est.)", "debt": "43.3% of GDP (2012 est.) |gross external debt", "revenue": "$95.27 billion (2012 est.)", "expenses": "$116.5 billion (2012 est.)", "reserves": "$54.98 billion (31 December 2012 est.)", "aid": "ODA $19 billion, 0.2% of GDP (2004)", "cianame": "sf "}, "2017-06-23T06:19:09Z": {"gdp": "$280.37 billion (2017 est.) (nominal; List of countries by GDP (nominal))", "gdp rank": "41st (nominal) / 31st (PPP)", "organs": "WTO, G-20, SACU and others", "growth": "1.6% (2014), 1.3% (2015), , 0.4% (2016e), 1.1% (2017f)<ref name", "per capita": "$5,101 (2017 est) (nominal; 88th)                        $13,215 (2017 est.) (PPP; 90th)", "sectors": "agriculture 2.5%, industry 31.6%, services 65.9% (2011 est.)", "inflation": "4.4% (January 2015)", "poverty": "26.2% (2011 est.)<ref name", "labour": "20.994 million (Q1, 2015 est.)", "occupations": "agriculture: 9%, industry: 26%, services: 65% (2007 est.)", "unemployment": "27.1% (Q3 2016)", "edbr": "74th (2017)", "industries": "mining (world's largest producer of platinum), gold, chromium, automobile assembly, metalworking, machinery, textiles, iron and steel, chemicals, fertiliser, foodstuffs, commercial ship repair", "exports": "$91.047 billion (2014 est.) World Trade Organization (WTO) |export-goods", "imports": "$121.940 billion (2014 est.) World Trade Organization (WTO) |import-goods", "FDI": "$73.6 billion (31 December 2011 est.)", "debt": "43.3% of GDP (2012 est.) |gross external debt", "revenue": "$95.27 billion (2012 est.)", "expenses": "$116.5 billion (2012 est.)", "reserves": "$54.98 billion (31 December 2012 est.)", "aid": "ODA $19 billion, 0.2% of GDP (2004)", "cianame": "sf "}, "2017-07-13T14:01:06Z": {"gdp": "$280.37 billion (2017 est.) (nominal; List of countries by GDP (nominal))", "gdp rank": "41st (nominal) / 31st (PPP)", "organs": "WTO, G-20, SACU and others", "growth": "1.3% (2015), 0.3% (2016e), , 0.6% (2017f), 1.1% (2018f)<ref name", "per capita": "$5,101 (2017 est) (nominal; 88th)                        $13,215 (2017 est.) (PPP; 90th)", "sectors": "agriculture 2.5%, industry 31.6%, services 65.9% (2011 est.)", "inflation": "4.4% (January 2015)", "poverty": "26.2% (2011 est.)<ref name", "labour": "20.994 million (Q1, 2015 est.)", "occupations": "agriculture: 9%, industry: 26%, services: 65% (2007 est.)", "unemployment": "27.1% (Q3 2016)", "edbr": "74th (2017)", "industries": "mining (world's largest producer of platinum), gold, chromium, automobile assembly, metalworking, machinery, textiles, iron and steel, chemicals, fertiliser, foodstuffs, commercial ship repair", "exports": "$91.047 billion (2014 est.) World Trade Organization (WTO) |export-goods", "imports": "$121.940 billion (2014 est.) World Trade Organization (WTO) |import-goods", "FDI": "$73.6 billion (31 December 2011 est.)", "debt": "43.3% of GDP (2012 est.) |gross external debt", "revenue": "$95.27 billion (2012 est.)", "expenses": "$116.5 billion (2012 est.)", "reserves": "$54.98 billion (31 December 2012 est.)", "aid": "ODA $19 billion, 0.2% of GDP (2004)", "cianame": "sf "}, "2017-11-24T15:35:20Z": {"gdp": "$280.37 billion (2017 est.) (nominal; List of countries by GDP (nominal))", "gdp rank": "41st (nominal) / 31st (PPP)", "organs": "WTO, G-20, SACU and others", "growth": "1.3% (2015), 0.3% (2016e), , 0.6% (2017f), 1.1% (2018f)<ref name", "per capita": "$5,101 (2017 est) (nominal; 88th)                        $13,215 (2017 est.) (PPP; 90th)", "sectors": "agriculture 2.5%, industry 31.6%, services 65.9% (2011 est.)", "inflation": "4.4% (January 2015)", "poverty": "26.2% (2011 est.)<ref name", "labour": "20.994 million (Q1, 2015 est.)", "occupations": "agriculture: 9%, industry: 26%, services: 65% (2007 est.)", "unemployment": "27.1% (Q3 2016)", "edbr": "82nd (2018)", "industries": "mining (world's largest producer of platinum), gold, chromium, automobile assembly, metalworking, machinery, textiles, iron and steel, chemicals, fertiliser, foodstuffs, commercial ship repair", "exports": "$91.047 billion (2014 est.) World Trade Organization (WTO) |export-goods", "imports": "$121.940 billion (2014 est.) World Trade Organization (WTO) |import-goods", "FDI": "$73.6 billion (31 December 2011 est.)", "debt": "43.3% of GDP (2012 est.) |gross external debt", "revenue": "$95.27 billion (2012 est.)", "expenses": "$116.5 billion (2012 est.)", "reserves": "$54.98 billion (31 December 2012 est.)", "aid": "ODA $19 billion, 0.2% of GDP (2004)", "cianame": "sf "}, "2018-02-20T18:48:30Z": {"gdp": "$280.37 billion (2017 est.) (nominal; List of countries by GDP (nominal))<ref name", "gdp rank": "41st (nominal) / 31st (PPP)", "organs": "WTO, G-20, SACU and others", "growth": "1.3% (2015), 0.3% (2016e), , 0.6% (2017f), 1.1% (2018f)<ref name", "per capita": "$5,101 (2017 est) (nominal; 88th)                        $13,215 (2017 est.) (PPP; 90th)", "sectors": "agriculture 2.5%, industry 31.6%, services 65.9% (2011 est.)", "inflation": "4.4% (January 2015)", "poverty": "26.2% (2011 est.)<ref name", "labour": "20.994 million (Q1, 2015 est.)", "occupations": "agriculture: 9%, industry: 26%, services: 65% (2007 est.)", "unemployment": "27.1% (Q3 2016)", "edbr": "82nd (2018)", "industries": "mining (world's largest producer of platinum), gold, chromium, automobile assembly, metalworking, machinery, textiles, iron and steel, chemicals, fertiliser, foodstuffs, commercial ship repair", "exports": "$91.047 billion (2014 est.) World Trade Organization (WTO) |export-goods", "imports": "$121.940 billion (2014 est.) World Trade Organization (WTO) |import-goods", "FDI": "$73.6 billion (31 December 2011 est.)", "debt": "43.3% of GDP (2012 est.) |gross external debt", "revenue": "$95.27 billion (2012 est.)", "expenses": "$116.5 billion (2012 est.)", "reserves": "$54.98 billion (31 December 2012 est.)", "aid": "ODA $19 billion, 0.2% of GDP (2004)", "cianame": "sf "}, "2018-04-20T07:02:41Z": {"gdp": "$280.37 billion (2017 est.) (nominal; List of countries by GDP (nominal))<ref name", "gdp rank": "41st (nominal) / 31st (PPP)", "organs": "WTO, G-20, SACU and others", "growth": "1.3% (2015), 0.3% (2016e), , 0.6% (2017f), 1.1% (2018f)<ref name", "per capita": "$5,101 (2017 est) (nominal; 88th)                        $13,215 (2017 est.) (PPP; 90th)", "sectors": "agriculture 2.5%, industry 31.6%, services 65.9% (2011 est.)", "inflation": "4.4% (January 2015)", "poverty": "26.2% (2011 est.)<ref name", "labour": "20.994 million (Q1, 2015 est.)", "occupations": "agriculture: 9%, industry: 26%, services: 65% (2007 est.)", "youth unemployment": "51.1% (Q4 2017)", "unemployment": "27.1% (Q3 2016)", "edbr": "82nd (2018)", "industries": "mining (world's largest producer of platinum), gold, chromium, automobile assembly, metalworking, machinery, textiles, iron and steel, chemicals, fertiliser, foodstuffs, commercial ship repair", "exports": "$91.047 billion (2014 est.) World Trade Organization (WTO) |export-goods", "imports": "$121.940 billion (2014 est.) World Trade Organization (WTO) |import-goods", "FDI": "$73.6 billion (31 December 2011 est.)", "debt": "43.3% of GDP (2012 est.) |gross external debt", "revenue": "$95.27 billion (2012 est.)", "expenses": "$116.5 billion (2012 est.)", "reserves": "$54.98 billion (31 December 2012 est.)", "aid": "ODA $19 billion, 0.2% of GDP (2004)", "cianame": "sf "}, "2018-04-20T07:29:00Z": {"gdp": "$280.37 billion (2017 est.) (nominal; List of countries by GDP (nominal))<ref name", "gdp rank": "41st (nominal) / 31st (PPP)", "organs": "WTO, G-20, SACU and others", "growth": "1.3% (2015), 0.3% (2016e), , 0.6% (2017f), 1.1% (2018f)<ref name", "sectors": "agriculture 2.5%, industry 31.6%, services 65.9% (2011 est.)", "inflation": "4.4% (January 2015)", "poverty": "increasenegative 26.2% (2011 est.)<ref name", "labour": "20.994 million (Q1, 2015 est.)", "occupations": "agriculture: 9%, industry: 26%, services: 65% (2007 est.)", "youth unemployment": "51.1% (Q4 2017)", "unemployment": "increasenegative 27.1% (Q3 2016)", "edbr": "82nd (2018)", "industries": "mining (world's largest producer of platinum), gold, chromium, automobile assembly, metalworking, machinery, textiles, iron and steel, chemicals, fertiliser, foodstuffs, commercial ship repair", "exports": "$91.047 billion (2014 est.) World Trade Organization (WTO) |export-goods", "imports": "$121.940 billion (2014 est.) World Trade Organization (WTO) |import-goods", "FDI": "$73.6 billion (31 December 2011 est.)", "debt": "43.3% of GDP (2012 est.) |gross external debt", "revenue": "$95.27 billion (2012 est.)", "expenses": "$116.5 billion (2012 est.)", "reserves": "$54.98 billion (31 December 2012 est.)", "aid": "ODA $19 billion, 0.2% of GDP (2004)", "cianame": "sf "}, "2018-04-20T07:34:41Z": {"gdp": "$280.37 billion (2017 est.) (nominal; List of countries by GDP (nominal))<ref name", "gdp rank": "41st (nominal) / 31st (PPP)", "organs": "WTO, G-20, SACU and others", "growth": "1.3% (2015), 0.3% (2016e), , 0.6% (2017f), 1.1% (2018f)<ref name", "sectors": "agriculture 2.5%, industry 31.6%, services 65.9% (2011 est.)", "inflation": "increasenegative 4.4% (January 2015)", "poverty": "increasenegative 26.2% (2011 est.)<ref name", "labour": "20.994 million (Q1, 2015 est.)", "occupations": "agriculture: 9%, industry: 26%, services: 65% (2007 est.)", "youth unemployment": "51.1% (Q4 2017)", "unemployment": "increasenegative 27.1% (Q3 2016)", "edbr": "82nd (2018)", "industries": "mining (world's largest producer of platinum), gold, chromium, automobile assembly, metalworking, machinery, textiles, iron and steel, chemicals, fertiliser, foodstuffs, commercial ship repair", "exports": "$91.047 billion (2014 est.) World Trade Organization (WTO) |export-goods", "imports": "$121.940 billion (2014 est.) World Trade Organization (WTO) |import-goods", "FDI": "$73.6 billion (31 December 2011 est.)", "debt": "gross external de", "revenue": "$95.27 billion (2012 est.)", "expenses": "$116.5 billion (2012 est.)", "reserves": "$54.98 billion (31 December 2012 est.)", "aid": "ODA $19 billion, 0.2% of GDP (2004)", "cianame": "sf "}, "2018-04-20T07:45:41Z": {"gdp": "$280.37 billion (2017 est.) (nominal; List of countries by GDP (nominal))<ref name", "gdp rank": "41st (nominal) / 31st (PPP)", "organs": "WTO, G-20, SACU and others", "growth": "1.3% (2015), 0.3% (2016e), , 0.6% (2017f), 1.1% (2018f)<ref name", "sectors": "agriculture 2.5%, industry 31.6%, services 65.9% (2011 est.)", "inflation": "increasenegative 4.4% (January 2015)", "poverty": "increasenegative 26.2% (2011 est.)<ref name", "labour": "20.994 million (Q1, 2015 est.)", "occupations": "agriculture: 9%, industry: 26%, services: 65% (2007 est.)", "youth unemployment": "51.1% (Q4 2017)", "unemployment": "increasenegative 27.1% (Q3 2016)", "edbr": "82nd (2018)", "industries": "mining (world's largest producer of platinum), gold, chromium, automobile assembly, metalworking, machinery, textiles, iron and steel, chemicals, fertiliser, foodstuffs, commercial ship repair", "exports": "$91.047 billion (2014 est.) World Trade Organization (WTO) |export-goods", "imports": "$121.940 billion (2014 est.) World Trade Organization (WTO) |import-goods", "FDI": "$73.6 billion (31 December 2011 est.)", "debt": "gross external de", "revenue": "$95.27 billion (2012 est.)", "expenses": "increasenegative $116.5 billion (2012 est.)", "reserves": "$54.98 billion (31 December 2012 est.)", "aid": "ODA $19 billion, 0.2% of GDP (2004)", "cianame": "sf "}, "2018-04-29T00:00:05Z": {"gdp": "$280.37 billion (2017 est.) (nominal; List of countries by GDP (nominal))<ref name", "gdp rank": "41st (nominal) / 31st (PPP)", "organs": "WTO, G-20, SACU and others", "growth": "1.3% (2015), 0.3% (2016e), , 0.6% (2017f), 1.1% (2018f)<ref name", "sectors": "agriculture 2.5%, industry 31.6%, services 65.9% (2011 est.)", "inflation": "increasenegative 4.4% (January 2015)", "poverty": "increasenegative 26.2% (2011 est.)<ref name", "labour": "20.994 million (Q1, 2015 est.)", "occupations": "agriculture: 9%, industry: 26%, services: 65% (2007 est.)", "youth unemployment": "51.1% (Q4 2017)", "unemployment": "increasenegative 27.1% (Q3 2016)", "edbr": "increasenegative82nd (2018)", "industries": "mining (world's largest producer of platinum), gold, chromium, automobile assembly, metalworking, machinery, textiles, iron and steel, chemicals, fertiliser, foodstuffs, commercial ship repair", "exports": "$91.047 billion (2014 est.) World Trade Organization (WTO) |export-goods", "imports": "$121.940 billion (2014 est.) World Trade Organization (WTO) |import-goods", "FDI": "$73.6 billion (31 December 2011 est.)", "debt": "gross external de", "revenue": "$95.27 billion (2012 est.)", "expenses": "increasenegative $116.5 billion (2012 est.)", "reserves": "$54.98 billion (31 December 2012 est.)", "aid": "ODA $19 billion, 0.2% of GDP (2004)", "cianame": "sf "}, "2018-05-16T17:32:58Z": {"gdp": "$280.37 billion (2017 est.) (nominal; List of countries by GDP (nominal))<ref name", "gdp rank": "41st (nominal) / 31st (PPP)", "organs": "WTO, G-20, SACU and others", "growth": "1.3% (2015), 0.3% (2016e), , 0.6% (2017f), 1.1% (2018f)<ref name", "sectors": "agriculture 2.5%, industry 31.6%, services 65.9% (2011 est.)", "inflation": "decreasePositive 5.4% (2017 est.)<ref name", "poverty": "increasenegative 26.2% (2011 est.)<ref name", "labour": "20.994 million (Q1, 2015 est.)", "occupations": "agriculture: 9%, industry: 26%, services: 65% (2007 est.)", "youth unemployment": "51.1% (Q4 2017)", "unemployment": "increasenegative 27.1% (Q3 2016)", "edbr": "increasenegative82nd (2018)", "industries": "mining (world's largest producer of platinum), gold, chromium, automobile assembly, metalworking, machinery, textiles, iron and steel, chemicals, fertiliser, foodstuffs, commercial ship repair", "exports": "$91.047 billion (2014 est.) World Trade Organization (WTO) |export-goods", "imports": "$121.940 billion (2014 est.) World Trade Organization (WTO) |import-goods", "FDI": "$73.6 billion (31 December 2011 est.)", "debt": "gross external de", "revenue": "$95.27 billion (2012 est.)", "expenses": "increasenegative $116.5 billion (2012 est.)", "reserves": "$54.98 billion (31 December 2012 est.)", "aid": "ODA $19 billion, 0.2% of GDP (2004)", "cianame": "sf "}, "2018-05-16T17:58:12Z": {"gdp": "$280.37 billion (2017 est.) (nominal; List of countries by GDP (nominal))<ref name", "gdp rank": "41st (nominal) / 31st (PPP)", "organs": "WTO, G-20, SACU and others", "growth": "1.3% (2015), 0.3% (2016e), , 0.6% (2017f), 1.1% (2018f)<ref name", "sectors": "agriculture 2.5%, industry 31.6%, services 65.9% (2011 est.)", "inflation": "decreasePositive 5.4% (2017 est.)<ref name", "poverty": "increasenegative 26.2% (2011 est.)<ref name", "labour": "20.994 million (Q1, 2015 est.)", "occupations": "agriculture: 9%, industry: 26%, services: 65% (2007 est.)", "youth unemployment": "51.1% (Q4 2017)", "unemployment": "increasenegative 27.1% (Q3 2016)", "edbr": "increasenegative82nd (2018)", "industries": "mining (world's largest producer of platinum), gold, chromium, automobile assembly, metalworking, machinery, textiles, iron and steel, chemicals, fertiliser, foodstuffs, commercial ship repair", "exports": "$69.1 billion (2016)<ref name", "imports": "$121.940 billion (2014 est.) World Trade Organization (WTO) |import-goods", "FDI": "$73.6 billion (31 December 2011 est.)", "debt": "gross external de", "revenue": "$95.27 billion (2012 est.)", "expenses": "increasenegative $116.5 billion (2012 est.)", "reserves": "$54.98 billion (31 December 2012 est.)", "aid": "ODA $19 billion, 0.2% of GDP (2004)", "cianame": "sf "}, "2018-05-16T18:01:21Z": {"gdp": "$280.37 billion (2017 est.) (nominal; List of countries by GDP (nominal))<ref name", "gdp rank": "41st (nominal) / 31st (PPP)", "organs": "WTO, G-20, SACU and others", "growth": "1.3% (2015), 0.3% (2016e), , 0.6% (2017f), 1.1% (2018f)<ref name", "sectors": "agriculture 2.5%, industry 31.6%, services 65.9% (2011 est.)", "inflation": "decreasePositive 5.4% (2017 est.)<ref name", "poverty": "increasenegative 26.2% (2011 est.)<ref name", "labour": "20.994 million (Q1, 2015 est.)", "occupations": "agriculture: 9%, industry: 26%, services: 65% (2007 est.)", "youth unemployment": "51.1% (Q4 2017)", "unemployment": "increasenegative 27.1% (Q3 2016)", "edbr": "increasenegative82nd (2018)", "industries": "mining (world's largest producer of platinum), gold, chromium, automobile assembly, metalworking, machinery, textiles, iron and steel, chemicals, fertiliser, foodstuffs, commercial ship repair", "exports": "$69.1 billion (2016)<ref name", "imports": "$73.7 billion (2016)<ref name", "FDI": "$73.6 billion (31 December 2011 est.)", "debt": "gross external de", "revenue": "$95.27 billion (2012 est.)", "expenses": "increasenegative $116.5 billion (2012 est.)", "reserves": "$54.98 billion (31 December 2012 est.)", "aid": "ODA $19 billion, 0.2% of GDP (2004)", "cianame": "sf "}, "2018-05-16T18:22:12Z": {"gdp": "$280.37 billion (2017 est.) (nominal; List of countries by GDP (nominal))<ref name", "gdp rank": "41st (nominal) / 31st (PPP)", "organs": "WTO, G-20, SACU and others", "growth": "1.3% (2015), 0.3% (2016e), , 0.6% (2017f), 1.1% (2018f)<ref name", "sectors": "agriculture 2.5%, industry 31.6%, services 65.9% (2011 est.)", "inflation": "decreasePositive 5.4% (2017 est.)<ref name", "poverty": "increasenegative 26.2% (2011 est.)<ref name", "labour": "20.994 million (Q1, 2015 est.)", "occupations": "agriculture: 9%, industry: 26%, services: 65% (2007 est.)", "youth unemployment": "51.1% (Q4 2017)", "unemployment": "increasenegative 27.1% (Q3 2016)", "edbr": "increasenegative82nd (2018)", "industries": "mining (world's largest producer of platinum), gold, chromium, automobile assembly, metalworking, machinery, textiles, iron and steel, chemicals, fertiliser, foodstuffs, commercial ship repair", "exports": "$69.1 billion (2016)<ref name", "imports": "$73.7 billion (2016)<ref name", "FDI": "$73.6 billion (31 December 2011 est.)", "debt": "50.1% of GDP (2017 est.)<ref name", "revenue": "$95.27 billion (2012 est.)", "expenses": "increasenegative $116.5 billion (2012 est.)", "reserves": "$54.98 billion (31 December 2012 est.)", "aid": "ODA $19 billion, 0.2% of GDP (2004)", "cianame": "sf "}, "2018-05-16T18:26:51Z": {"gdp": "$280.37 billion (2017 est.) (nominal; List of countries by GDP (nominal))<ref name", "gdp rank": "41st (nominal) / 31st (PPP)", "organs": "WTO, G-20, SACU and others", "growth": "1.3% (2015), 0.3% (2016e), , 0.6% (2017f), 1.1% (2018f)<ref name", "sectors": "agriculture 2.5%, industry 31.6%, services 65.9% (2011 est.)", "inflation": "decreasePositive 5.4% (2017 est.)<ref name", "poverty": "increasenegative 26.2% (2011 est.)<ref name", "labour": "22.19 million (2017 est.)<ref name", "occupations": "agriculture: 9%, industry: 26%, services: 65% (2007 est.)", "youth unemployment": "51.1% (Q4 2017)", "unemployment": "increasenegative 27.1% (Q3 2016)", "edbr": "increasenegative82nd (2018)", "industries": "mining (world's largest producer of platinum), gold, chromium, automobile assembly, metalworking, machinery, textiles, iron and steel, chemicals, fertiliser, foodstuffs, commercial ship repair", "exports": "$69.1 billion (2016)<ref name", "imports": "$73.7 billion (2016)<ref name", "FDI": "$73.6 billion (31 December 2011 est.)", "debt": "50.1% of GDP (2017 est.)<ref name", "revenue": "$95.27 billion (2012 est.)", "expenses": "increasenegative $116.5 billion (2012 est.)", "reserves": "$54.98 billion (31 December 2012 est.)", "aid": "ODA $19 billion, 0.2% of GDP (2004)", "cianame": "sf "}, "2018-05-16T18:29:41Z": {"gdp": "$280.37 billion (2017 est.) (nominal; List of countries by GDP (nominal))<ref name", "gdp rank": "41st (nominal) / 31st (PPP)", "organs": "WTO, G-20, SACU and others", "growth": "1.3% (2015), 0.3% (2016e), , 0.6% (2017f), 1.1% (2018f)<ref name", "sectors": "agriculture 2.5%, industry 31.6%, services 65.9% (2011 est.)", "inflation": "decreasePositive 5.4% (2017 est.)<ref name", "poverty": "increasenegative 26.2% (2011 est.)<ref name", "labour": "22.19 million (2017 est.)<ref name", "occupations": "agriculture: 4.6% ,  industry: 23.5% ,  services: 71.9% (2014)<ref name", "youth unemployment": "51.1% (Q4 2017)", "unemployment": "increasenegative 27.1% (Q3 2016)", "edbr": "increasenegative82nd (2018)", "industries": "mining (world's largest producer of platinum), gold, chromium, automobile assembly, metalworking, machinery, textiles, iron and steel, chemicals, fertiliser, foodstuffs, commercial ship repair", "exports": "$69.1 billion (2016)<ref name", "imports": "$73.7 billion (2016)<ref name", "FDI": "$73.6 billion (31 December 2011 est.)", "debt": "50.1% of GDP (2017 est.)<ref name", "revenue": "$95.27 billion (2012 est.)", "expenses": "increasenegative $116.5 billion (2012 est.)", "reserves": "$54.98 billion (31 December 2012 est.)", "aid": "ODA $19 billion, 0.2% of GDP (2004)", "cianame": "sf "}, "2018-05-16T18:33:46Z": {"gdp": "$280.37 billion (2017 est.) (nominal; List of countries by GDP (nominal))<ref name", "gdp rank": "41st (nominal) / 31st (PPP)", "organs": "WTO, G-20, SACU and others", "growth": "1.3% (2015), 0.3% (2016e), , 0.6% (2017f), 1.1% (2018f)<ref name", "sectors": "agriculture 2.8% ,  industry 29.7% ,  services 67.5% (2017 est.)<ref name", "inflation": "decreasePositive 5.4% (2017 est.)<ref name", "poverty": "increasenegative 26.2% (2011 est.)<ref name", "labour": "22.19 million (2017 est.)<ref name", "occupations": "agriculture: 4.6% ,  industry: 23.5% ,  services: 71.9% (2014)<ref name", "youth unemployment": "51.1% (Q4 2017)", "unemployment": "increasenegative 27.1% (Q3 2016)", "edbr": "increasenegative82nd (2018)", "industries": "mining (world's largest producer of platinum), gold, chromium, automobile assembly, metalworking, machinery, textiles, iron and steel, chemicals, fertiliser, foodstuffs, commercial ship repair", "exports": "$69.1 billion (2016)<ref name", "imports": "$73.7 billion (2016)<ref name", "FDI": "$73.6 billion (31 December 2011 est.)", "debt": "50.1% of GDP (2017 est.)<ref name", "revenue": "$95.27 billion (2012 est.)", "expenses": "increasenegative $116.5 billion (2012 est.)", "reserves": "$54.98 billion (31 December 2012 est.)", "aid": "ODA $19 billion, 0.2% of GDP (2004)", "cianame": "sf "}, "2018-05-16T18:51:18Z": {"gdp": "$280.37 billion (2017 est.) (nominal; List of countries by GDP (nominal))<ref name", "gdp rank": "41st (nominal) / 31st (PPP)", "organs": "WTO, G-20, SACU and others", "growth": "1.3% (2015), 0.3% (2016e), , 0.6% (2017f), 1.1% (2018f)<ref name", "sectors": "agriculture 2.8% ,  industry 29.7% ,  services 67.5% (2017 est.)<ref name", "inflation": "decreasePositive 5.4% (2017 est.)<ref name", "poverty": "increasenegative 26.2% (2011 est.)<ref name", "gini": "0.65 (2014, excluding taxes)<ref name", "labour": "22.19 million (2017 est.)<ref name", "occupations": "agriculture: 4.6% ,  industry: 23.5% ,  services: 71.9% (2014)<ref name", "youth unemployment": "51.1% (Q4 2017)", "unemployment": "increasenegative 27.1% (Q3 2016)", "edbr": "increasenegative82nd (2018)", "industries": "mining (world's largest producer of platinum), gold, chromium, automobile assembly, metalworking, machinery, textiles, iron and steel, chemicals, fertiliser, foodstuffs, commercial ship repair", "exports": "$69.1 billion (2016)<ref name", "imports": "$73.7 billion (2016)<ref name", "FDI": "$73.6 billion (31 December 2011 est.)", "debt": "50.1% of GDP (2017 est.)<ref name", "revenue": "$95.27 billion (2012 est.)", "expenses": "increasenegative $116.5 billion (2012 est.)", "reserves": "$54.98 billion (31 December 2012 est.)", "aid": "ODA $19 billion, 0.2% of GDP (2004)", "cianame": "sf "}, "2018-09-09T21:10:19Z": {"gdp": "$280.37 billion (2017 est.) (nominal; List of countries by GDP (nominal))<ref name", "gdp rank": "41st (nominal) / 31st (PPP)", "organs": "WTO, G-20, SACU and others", "growth": "1.3  (2015), 0.6  (2016), ,  1.3  (2017e), 1.4  (2018f) <ref name", "sectors": "agriculture 2.8% ,  industry 29.7% ,  services 67.5% (2017 est.)<ref name", "inflation": "decreasePositive 5.4% (2017 est.)<ref name", "poverty": "increasenegative 26.2% (2011 est.)<ref name", "gini": "0.65 (2014, excluding taxes)<ref name", "labour": "22.19 million (2017 est.)<ref name", "occupations": "agriculture: 4.6% ,  industry: 23.5% ,  services: 71.9% (2014)<ref name", "youth unemployment": "51.1% (Q4 2017)", "unemployment": "increasenegative 27.1% (Q3 2016)", "edbr": "increasenegative82nd (2018)", "industries": "mining (world's largest producer of platinum), gold, chromium, automobile assembly, metalworking, machinery, textiles, iron and steel, chemicals, fertiliser, foodstuffs, commercial ship repair", "exports": "$69.1 billion (2016)<ref name", "imports": "$73.7 billion (2016)<ref name", "FDI": "$73.6 billion (31 December 2011 est.)", "debt": "50.1% of GDP (2017 est.)<ref name", "revenue": "$95.27 billion (2012 est.)", "expenses": "increasenegative $116.5 billion (2012 est.)", "reserves": "$54.98 billion (31 December 2012 est.)", "aid": "ODA $19 billion, 0.2% of GDP (2004)", "cianame": "sf "}, "2018-09-09T21:19:59Z": {"gdp": "$280.37 billion (2017 est.) (nominal; List of countries by GDP (nominal))<ref name", "gdp rank": "41st (nominal) / 31st (PPP)", "organs": "WTO, G-20, SACU and others", "growth": "1.3% (2015), 0.6% (2016), ,  1.3% (2017e), 1.4% (2018f) <ref name", "sectors": "agriculture 2.8% ,  industry 29.7% ,  services 67.5% (2017 est.)<ref name", "inflation": "decreasePositive 5.4% (2017 est.)<ref name", "poverty": "increasenegative 26.2% (2011 est.)<ref name", "gini": "0.65 (2014, excluding taxes)<ref name", "labour": "22.19 million (2017 est.)<ref name", "occupations": "agriculture: 4.6% ,  industry: 23.5% ,  services: 71.9% (2014)<ref name", "youth unemployment": "51.1% (Q4 2017)", "unemployment": "increasenegative 27.1% (Q3 2016)", "edbr": "increasenegative82nd (2018)", "industries": "mining (world's largest producer of platinum), gold, chromium, automobile assembly, metalworking, machinery, textiles, iron and steel, chemicals, fertiliser, foodstuffs, commercial ship repair", "exports": "$69.1 billion (2016)<ref name", "imports": "$73.7 billion (2016)<ref name", "FDI": "$73.6 billion (31 December 2011 est.)", "debt": "50.1% of GDP (2017 est.)<ref name", "revenue": "$95.27 billion (2012 est.)", "expenses": "increasenegative $116.5 billion (2012 est.)", "reserves": "$54.98 billion (31 December 2012 est.)", "aid": "ODA $19 billion, 0.2% of GDP (2004)", "cianame": "sf "}, "2018-11-18T02:36:32Z": {"gdp": "$386.85 billion (2019 est.) (nominal; List of countries by GDP (nominal))<ref name", "gdp rank": "41st (nominal 2017) / 31st (PPP 2017)", "organs": "WTO, G-20, SACU and others", "growth": "1.3% (2015), 0.6% (2016), ,  1.3% (2017e), 1.4% (2018f) <ref name", "sectors": "agriculture 2.8% ,  industry 29.7% ,  services 67.5% (2017 est.)<ref name", "inflation": "decreasePositive 5.4% (2017 est.)<ref name", "poverty": "increasenegative 26.2% (2011 est.)<ref name", "gini": "0.65 (2014, excluding taxes)<ref name", "labour": "22.19 million (2017 est.)<ref name", "occupations": "agriculture: 4.6% ,  industry: 23.5% ,  services: 71.9% (2014)<ref name", "youth unemployment": "51.1% (Q4 2017)", "unemployment": "increasenegative 27.1% (Q3 2016)", "edbr": "increasenegative82nd (2018)", "industries": "mining (world's largest producer of platinum), gold, chromium, automobile assembly, metalworking, machinery, textiles, iron and steel, chemicals, fertiliser, foodstuffs, commercial ship repair", "exports": "$69.1 billion (2016)<ref name", "imports": "$73.7 billion (2016)<ref name", "FDI": "$73.6 billion (31 December 2011 est.)", "debt": "50.1% of GDP (2017 est.)<ref name", "revenue": "$95.27 billion (2012 est.)", "expenses": "increasenegative $116.5 billion (2012 est.)", "reserves": "$54.98 billion (31 December 2012 est.)", "aid": "ODA $19 billion, 0.2% of GDP (2004)", "cianame": "sf "}, "2018-12-15T02:01:41Z": {"gdp": "$686.85 billion (2019 est.) (nominal; List of countries by GDP (nominal))<ref name", "gdp rank": "41st (nominal 2017) / 31st (PPP 2017)", "organs": "WTO, G-20, SACU and others", "growth": "1.5% (2015), 0.5% (2016), ,  1.5% (2017e), 1.5% (2018f) <ref name", "sectors": "agriculture 2.8% ,  industry 29.7% ,  services 67.5% (2017 est.)<ref name", "inflation": "decreasePositive 5.4% (2017 est.)<ref name", "poverty": "increasenegative 10-15% (2017 est.)<ref name", "gini": "0.65 (2014, excluding taxes)<ref name", "labour": "25.19 million (2017 est.)<ref name", "occupations": "agriculture: 4.6% ,  industry: 23.5% ,  services: 71.9% (2014)<ref name", "youth unemployment": "25% (Q4 2017)", "unemployment": "increasenegative 15% (Q3 2016)", "edbr": "increasenegative82nd (2018)", "industries": "mining (world's largest producer of platinum), gold, chromium, automobile assembly, metalworking, machinery, textiles, iron and steel, chemicals, fertiliser, foodstuffs, commercial ship repair", "exports": "$69.1 billion (2016)<ref name", "imports": "$73.7 billion (2016)<ref name", "FDI": "$73.6 billion (31 December 2011 est.)", "debt": "50.1% of GDP (2017 est.)<ref name", "revenue": "$95.27 billion (2012 est.)", "expenses": "increasenegative $116.5 billion (2012 est.)", "reserves": "$54.98 billion (31 December 2012 est.)", "aid": "ODA $19 billion, 0.2% of GDP (2004)", "cianame": "sf "}, "2018-12-15T02:09:05Z": {"gdp": "$586.85 billion (2019 est.) (nominal; List of countries by GDP (nominal))<ref name", "gdp rank": "41st (nominal 2017) / 31st (PPP 2017)", "organs": "WTO, G-20, SACU and others", "growth": "1.5% (2015), 0.5% (2016), ,  1.5% (2017e), 1.5% (2018f) <ref name", "sectors": "agriculture 2.8% ,  industry 29.7% ,  services 67.5% (2017 est.)<ref name", "inflation": "decreasePositive 5.4% (2017 est.)<ref name", "poverty": "increasenegative 10% (2017 est.)<ref name", "gini": "0.65 (2014, excluding taxes)<ref name", "labour": "25.20 million (2017 est.)<ref name", "occupations": "agriculture: 4.6% ,  industry: 23.5% ,  services: 71.9% (2014)<ref name", "youth unemployment": "25% (Q4 2017)", "unemployment": "increasenegative 10% (Q3 2016)", "edbr": "increasenegative82nd (2018)", "industries": "mining (world's largest producer of platinum), gold, chromium, automobile assembly, metalworking, machinery, textiles, iron and steel, chemicals, fertiliser, foodstuffs, commercial ship repair", "exports": "$69.1 billion (2016)<ref name", "imports": "$73.7 billion (2016)<ref name", "FDI": "$73.6 billion (31 December 2011 est.)", "debt": "50.1% of GDP (2017 est.)<ref name", "revenue": "$95.27 billion (2012 est.)", "expenses": "increasenegative $116.5 billion (2012 est.)", "reserves": "$54.98 billion (31 December 2012 est.)", "aid": "ODA $19 billion, 0.2% of GDP (2004)", "cianame": "sf "}, "2018-12-16T01:50:50Z": {"gdp": "$386.85 billion (2019 est.) (nominal; List of countries by GDP (nominal))<ref name", "gdp rank": "41st (nominal 2017) / 31st (PPP 2017)", "organs": "WTO, G-20, SACU and others", "growth": "1.3% (2015), 0.6% (2016), ,  1.3% (2017e), 1.4% (2018f) <ref name", "sectors": "agriculture 2.8% ,  industry 29.7% ,  services 67.5% (2017 est.)<ref name", "inflation": "decreasePositive 5.4% (2017 est.)<ref name", "poverty": "increasenegative 26.2% (2011 est.)<ref name", "gini": "0.65 (2014, excluding taxes)<ref name", "labour": "22.19 million (2017 est.)<ref name", "occupations": "agriculture: 4.6% ,  industry: 23.5% ,  services: 71.9% (2014)<ref name", "youth unemployment": "51.1% (Q4 2017)", "unemployment": "increasenegative 27.1% (Q3 2016)", "edbr": "increasenegative82nd (2018)", "industries": "mining (world's largest producer of platinum), gold, chromium, automobile assembly, metalworking, machinery, textiles, iron and steel, chemicals, fertiliser, foodstuffs, commercial ship repair", "exports": "$69.1 billion (2016)<ref name", "imports": "$73.7 billion (2016)<ref name", "FDI": "$73.6 billion (31 December 2011 est.)", "debt": "50.1% of GDP (2017 est.)<ref name", "revenue": "$95.27 billion (2012 est.)", "expenses": "increasenegative $116.5 billion (2012 est.)", "reserves": "$54.98 billion (31 December 2012 est.)", "aid": "ODA $19 billion, 0.2% of GDP (2004)", "cianame": "sf "}, "2018-12-27T04:44:29Z": {"gdp": "$376.67 billion (2018 est.) (nominal; List of countries by GDP (nominal))<ref name", "gdp rank": "41st (nominal 2017) / 31st (PPP 2017)", "organs": "WTO, G-20, SACU and others", "growth": "1.3% (2015), 0.6% (2016), ,  1.3% (2017e), 1.4% (2018f) <ref name", "sectors": "agriculture 2.8% ,  industry 29.7% ,  services 67.5% (2017 est.)<ref name", "inflation": "decreasePositive 5.4% (2017 est.)<ref name", "poverty": "increasenegative 26.2% (2011 est.)<ref name", "gini": "0.65 (2014, excluding taxes)<ref name", "labour": "22.19 million (2017 est.)<ref name", "occupations": "agriculture: 4.6% ,  industry: 23.5% ,  services: 71.9% (2014)<ref name", "youth unemployment": "51.1% (Q4 2017)", "unemployment": "increasenegative 27.1% (Q3 2016)", "edbr": "increasenegative82nd (2018)", "industries": "mining (world's largest producer of platinum), gold, chromium, automobile assembly, metalworking, machinery, textiles, iron and steel, chemicals, fertiliser, foodstuffs, commercial ship repair", "exports": "$69.1 billion (2016)<ref name", "imports": "$73.7 billion (2016)<ref name", "FDI": "$73.6 billion (31 December 2011 est.)", "debt": "50.1% of GDP (2017 est.)<ref name", "revenue": "$95.27 billion (2012 est.)", "expenses": "increasenegative $116.5 billion (2012 est.)", "reserves": "$54.98 billion (31 December 2012 est.)", "aid": "ODA $19 billion, 0.2% of GDP (2004)", "cianame": "sf "}, "2018-12-27T04:55:08Z": {"gdp": "$376.67 billion (2018 est.) (nominal; List of countries by GDP (nominal))", "gdp rank": "41st (nominal 2017) / 31st (PPP 2017)", "organs": "WTO, G-20, SACU and others", "growth": "1.3% (2015), 0.6% (2016), ,  1.3% (2017e), 1.4% (2018f) <ref name", "sectors": "agriculture 2.8% ,  industry 29.7% ,  services 67.5% (2017 est.)<ref name", "inflation": "decreasePositive 5.4% (2017 est.)<ref name", "poverty": "increasenegative 26.2% (2011 est.)<ref name", "gini": "0.65 (2014, excluding taxes)<ref name", "labour": "22.19 million (2017 est.)<ref name", "occupations": "agriculture: 4.6% ,  industry: 23.5% ,  services: 71.9% (2014)<ref name", "youth unemployment": "51.1% (Q4 2017)", "unemployment": "increasenegative 27.1% (Q3 2016)", "edbr": "increasenegative82nd (2018)", "industries": "mining (world's largest producer of platinum), gold, chromium, automobile assembly, metalworking, machinery, textiles, iron and steel, chemicals, fertiliser, foodstuffs, commercial ship repair", "exports": "$69.1 billion (2016)<ref name", "imports": "$73.7 billion (2016)<ref name", "FDI": "$73.6 billion (31 December 2011 est.)", "debt": "50.1% of GDP (2017 est.)<ref name", "revenue": "$95.27 billion (2012 est.)", "expenses": "increasenegative $116.5 billion (2012 est.)", "reserves": "$54.98 billion (31 December 2012 est.)", "aid": "ODA $19 billion, 0.2% of GDP (2004)", "cianame": "sf "}, "2019-01-11T00:56:43Z": {"gdp": "$376.67 billion (2018 est.) (nominal; List of countries by GDP (nominal))", "gdp rank": "41st (nominal 2017) / 31st (PPP 2017)", "organs": "WTO, G-20, SACU and others", "growth": "1.3% (2015), 0.6% (2016), ,  1.3% (2017e), 1.4% (2018f) <ref name", "sectors": "agriculture 2.8% ,  industry 29.7% ,  services 67.5% (2017 est.)<ref name", "inflation": "decreasePositive 5.4% (2017 est.)<ref name", "poverty": "increasenegative 55.5% (2014 est.)", "gini": "0.65 (2014, excluding taxes)<ref name", "labour": "22.19 million (2017 est.)<ref name", "occupations": "agriculture: 4.6% ,  industry: 23.5% ,  services: 71.9% (2014)<ref name", "youth unemployment": "51.1% (Q4 2017)", "unemployment": "increasenegative 27.1% (Q3 2016)", "edbr": "increasenegative82nd (2018)", "industries": "mining (world's largest producer of platinum), gold, chromium, automobile assembly, metalworking, machinery, textiles, iron and steel, chemicals, fertiliser, foodstuffs, commercial ship repair", "exports": "$69.1 billion (2016)<ref name", "imports": "$73.7 billion (2016)<ref name", "FDI": "$73.6 billion (31 December 2011 est.)", "debt": "50.1% of GDP (2017 est.)<ref name", "revenue": "$95.27 billion (2012 est.)", "expenses": "increasenegative $116.5 billion (2012 est.)", "reserves": "$54.98 billion (31 December 2012 est.)", "aid": "ODA $19 billion, 0.2% of GDP (2004)", "cianame": "sf "}, "2019-02-10T13:59:49Z": {"gdp": "$386.85 billion (2019 est.) (nominal; List of countries by GDP (nominal))", "gdp rank": "41st (nominal 2017) / 31st (PPP 2017)", "organs": "WTO, G-20, SACU and others", "growth": "1.3% (2015), 0.6% (2016), ,  1.3% (2017e), 1.4% (2018f) <ref name", "sectors": "agriculture 2.8% ,  industry 29.7% ,  services 67.5% (2017 est.)<ref name", "inflation": "decreasePositive 5.4% (2017 est.)<ref name", "poverty": "increasenegative 55.5% (2014 est.)", "gini": "0.65 (2014, excluding taxes)<ref name", "labour": "22.19 million (2017 est.)<ref name", "occupations": "agriculture: 4.6% ,  industry: 23.5% ,  services: 71.9% (2014)<ref name", "youth unemployment": "51.1% (Q4 2017)", "unemployment": "increasenegative 27.1% (Q3 2016)", "edbr": "increasenegative82nd (2018)", "industries": "mining (world's largest producer of platinum), gold, chromium, automobile assembly, metalworking, machinery, textiles, iron and steel, chemicals, fertiliser, foodstuffs, commercial ship repair", "exports": "$69.1 billion (2016)<ref name", "imports": "$73.7 billion (2016)<ref name", "FDI": "$73.6 billion (31 December 2011 est.)", "debt": "50.1% of GDP (2017 est.)<ref name", "revenue": "$95.27 billion (2012 est.)", "expenses": "increasenegative $116.5 billion (2012 est.)", "reserves": "$54.98 billion (31 December 2012 est.)", "aid": "ODA $19 billion, 0.2% of GDP (2004)", "cianame": "sf "}, "2019-02-10T22:00:58Z": {"gdp": "$386.85 billion (2019 est.) (nominal; List of countries by GDP (nominal))", "gdp rank": "32nd (nominal 2018) / 30th (PPP 2018)", "organs": "WTO, G-20, SACU and others", "growth": "1.3% (2015), 0.6% (2016), ,  1.3% (2017e), 1.4% (2018f) <ref name", "sectors": "agriculture 2.8% ,  industry 29.7% ,  services 67.5% (2017 est.)<ref name", "inflation": "decreasePositive 5.4% (2017 est.)<ref name", "poverty": "increasenegative 55.5% (2014 est.)", "gini": "0.65 (2014, excluding taxes)<ref name", "labour": "22.19 million (2017 est.)<ref name", "occupations": "agriculture: 4.6% ,  industry: 23.5% ,  services: 71.9% (2014)<ref name", "youth unemployment": "51.1% (Q4 2017)", "unemployment": "increasenegative 27.1% (Q3 2016)", "edbr": "increasenegative82nd (2018)", "industries": "mining (world's largest producer of platinum), gold, chromium, automobile assembly, metalworking, machinery, textiles, iron and steel, chemicals, fertiliser, foodstuffs, commercial ship repair", "exports": "$69.1 billion (2016)<ref name", "imports": "$73.7 billion (2016)<ref name", "FDI": "$73.6 billion (31 December 2011 est.)", "debt": "50.1% of GDP (2017 est.)<ref name", "revenue": "$95.27 billion (2012 est.)", "expenses": "increasenegative $116.5 billion (2012 est.)", "reserves": "$54.98 billion (31 December 2012 est.)", "aid": "ODA $19 billion, 0.2% of GDP (2004)", "cianame": "sf "}, "2019-02-28T22:16:22Z": {"gdp": "$386.85 billion (2019 est.) (nominal; List of countries by GDP (nominal))", "gdp rank": "32nd (nominal 2018) / 30th (PPP 2018)", "organs": "WTO, G-20, SACU and others", "growth": "1.3% (2015), 0.6% (2016), ,  1.3% (2017e), 1.4% (2018f) <ref name", "sectors": "agriculture 2.8% ,  industry 29.7% ,  services 67.5% (2017 est.)<ref name", "inflation": "decreasePositive 5.4% (2017 est.)<ref name", "poverty": "increasenegative 55.5% (2014 est.)", "gini": "0.65 (2014, excluding taxes)<ref name", "labour": "22.19 million (2017 est.)<ref name", "occupations": "agriculture: 4.6% ,  industry: 23.5% ,  services: 71.9% (2014)<ref name", "youth unemployment": "51.1% (Q4 2017)", "unemployment": "increasenegative 27.1% (Q3 2016)", "edbr": "increasenegative82nd (2018)", "industries": "mining (world's largest producer of platinum), gold, chromium, automobile assembly, metalworking, machinery, textiles, iron and steel, chemicals, fertiliser, foodstuffs, commercial ship repair", "exports": "110.1 billion (2016)<ref name", "imports": "$73.7 billion (2016)<ref name", "FDI": "$73.6 billion (31 December 2011 est.)", "debt": "50.1% of GDP (2017 est.)<ref name", "revenue": "$95.27 billion (2012 est.)", "expenses": "increasenegative $116.5 billion (2012 est.)", "reserves": "$54.98 billion (31 December 2012 est.)", "aid": "ODA $19 billion, 0.2% of GDP (2004)", "cianame": "sf "}, "2019-02-28T22:49:25Z": {"gdp": "$386.85 billion (2019 est.) (nominal; List of countries by GDP (nominal))", "gdp rank": "32nd (nominal 2018) / 30th (PPP 2018)", "organs": "WTO, G-20, SACU and others", "growth": "1.3% (2015), 0.6% (2016), ,  1.3% (2017e), 1.4% (2018f) <ref name", "sectors": "agriculture 2.8% ,  industry 29.7% ,  services 67.5% (2017 est.)<ref name", "inflation": "decreasePositive 5.4% (2017 est.)<ref name", "poverty": "increasenegative 55.5% (2014 est.)", "gini": "0.65 (2014, excluding taxes)<ref name", "labour": "22.19 million (2017 est.)<ref name", "occupations": "agriculture: 4.6% ,  industry: 23.5% ,  services: 71.9% (2014)<ref name", "youth unemployment": "51.1% (Q4 2017)", "unemployment": "increasenegative 27.1% (Q3 2016)", "edbr": "increasenegative82nd (2018)", "industries": "mining (world's largest producer of platinum), gold, chromium, automobile manufacturing, metalworking, machinery, textiles, iron and steel, chemicals, fertiliser, foodstuffs, commercial ship repair", "exports": "110.1 billion (2016)<ref name", "imports": "$73.7 billion (2016)<ref name", "FDI": "$73.6 billion (31 December 2011 est.)", "debt": "50.1% of GDP (2017 est.)<ref name", "revenue": "$95.27 billion (2012 est.)", "expenses": "increasenegative $116.5 billion (2012 est.)", "reserves": "$54.98 billion (31 December 2012 est.)", "aid": "ODA $19 billion, 0.2% of GDP (2004)", "cianame": "sf "}, "2019-03-01T06:22:10Z": {"gdp": "$376.679 billion (nominal, 2018 est.)<ref name", "gdp rank": "32nd (nominal, 2018) Br 30th (PPP, 2018)", "per capita": "$6,560 (nominal, 2018 est.)<ref name", "organs": "WTO, G-20, SACU and others", "growth": "1.3% (2015), 0.6% (2016), ,  1.3% (2017e), 1.4% (2018f) <ref name", "sectors": "agriculture 2.8% ,  industry 29.7% ,  services 67.5% (2017 est.)<ref name", "inflation": "decreasePositive 5.4% (2017 est.)<ref name", "poverty": "increasenegative 55.5% (2014 est.)", "gini": "0.65 #8B0000 (2014, excluding taxes)<ref name", "labour": "22.19 million (2017 est.)<ref name", "occupations": "agriculture: 4.6% ,  industry: 23.5% ,  services: 71.9% (2014)<ref name", "youth unemployment": "51.1% (Q4 2017)", "unemployment": "increasenegative 27.1% (Q3 2016)", "edbr": "increasenegative82nd (2018)", "industries": "mining (world's largest producer of platinum), gold, chromium, automobile manufacturing, metalworking, machinery, textiles, iron and steel, chemicals, fertiliser, foodstuffs, commercial ship repair", "exports": "110.1 billion (2016)<ref name", "imports": "$73.7 billion (2016)<ref name", "FDI": "$73.6 billion (31 December 2011 est.)", "debt": "50.1% of GDP (2017 est.)<ref name", "revenue": "$95.27 billion (2012 est.)", "expenses": "increasenegative $116.5 billion (2012 est.)", "reserves": "$54.98 billion (31 December 2012 est.)", "aid": "ODA $19 billion, 0.2% of GDP (2004)", "cianame": "sf "}, "2019-03-03T08:23:07Z": {"gdp": "$376.679 billion (nominal, 2018 est.)<ref name", "gdp rank": "32nd (nominal, 2018) Br 30th (PPP, 2018)", "per capita": "$6,560 (nominal, 2018 est.)<ref name", "organs": "WTO, G-20, SACU and others", "growth": "1.3% (2015), 0.6% (2016), ,  1.3% (2017e), 1.4% (2018f) <ref name", "sectors": "agriculture 2.8% ,  industry 29.7% ,  services 67.5% (2017 est.)<ref name", "inflation": "decreasePositive 5.4% (2017 est.)<ref name", "poverty": "increasenegative 55.5% (2014 est.)", "gini": "0.65 #8B0000 (2014, excluding taxes)<ref name", "labour": "22.19 million (2017 est.)<ref name", "occupations": "agriculture: 4.6% ,  industry: 23.5% ,  services: 71.9% (2014)<ref name", "youth unemployment": "51.1% (Q4 2017)", "unemployment": "increaseNegative 27.5% (2017 est.)<ref name", "edbr": "increasenegative82nd (2018)", "industries": "mining (world's largest producer of platinum), gold, chromium, automobile manufacturing, metalworking, machinery, textiles, iron and steel, chemicals, fertiliser, foodstuffs, commercial ship repair", "exports": "110.1 billion (2016)<ref name", "imports": "$73.7 billion (2016)<ref name", "FDI": "increase $156.8 billion (31 December 2017 est.)<ref name", "debt": "increaseNegative 53% of GDP (2017 est.)<ref name", "revenue": "92.86 billion (2017 est.)<ref name", "expenses": "108.3 billion (2017 est.)<ref name", "balance": "-4.4% (of GDP) (2017 est.)<ref name", "reserves": "increase $50.72 billion (31 December 2017 est.)<ref name", "aid": "ODA $19 billion, 0.2% of GDP (2004)", "cianame": "sf "}, "2019-03-05T02:47:03Z": {"gdp": "$376.679 billion (nominal, 2018 est.)<ref name", "gdp rank": "32nd (nominal, 2018) Br 30th (PPP, 2018)", "per capita": "$6,560 (nominal, 2018 est.)<ref name", "organs": "WTO, G-20, SACU and others", "growth": "1.3% (2015), 0.6% (2016), ,  1.3% (2017e), 1.4% (2018f) <ref name", "sectors": "agriculture 2.8% ,  industry 29.7% ,  services 67.5% (2017 est.)<ref name", "inflation": "decreasePositive 5.4% (2017 est.)<ref name", "poverty": "increasenegative 55.5% (2014 est.)", "gini": "0.65 #8B0000 (2014, excluding taxes)<ref name", "labour": "22.19 million (2017 est.)<ref name", "occupations": "agriculture: 4.6% ,  industry: 23.5% ,  services: 71.9% (2014)<ref name", "youth unemployment": "51.1% (Q4 2017)", "unemployment": "increaseNegative 27.5% (2017 est.)<ref name", "edbr": "increasenegative82nd (2018)", "industries": "mining (world's largest producer of platinum), gold, chromium, automobile manufacturing, metalworking, machinery, textiles, iron and steel, chemicals, fertiliser, foodstuffs, commercial ship repair", "exports": "$110.1 billion (2016)<ref name", "imports": "$73.7 billion (2016)<ref name", "FDI": "increase $156.8 billion (31 December 2017 est.)<ref name", "debt": "increaseNegative 53% of GDP (2017 est.)<ref name", "revenue": "92.86 billion (2017 est.)<ref name", "expenses": "108.3 billion (2017 est.)<ref name", "balance": "-4.4% (of GDP) (2017 est.)<ref name", "reserves": "increase $50.72 billion (31 December 2017 est.)<ref name", "aid": "ODA $19 billion, 0.2% of GDP (2004)", "cianame": "sf "}, "2019-03-18T19:11:37Z": {"gdp": "$376.679 billion (nominal, 2018 est.)<ref name", "gdp rank": "32nd (nominal, 2018) Br 30th (PPP, 2018)", "per capita": "$6,560 (nominal, 2018 est.)<ref name", "organs": "WTO, G-20, SACU and others", "growth": "0.6% (2016) 1.3% (2017) Br 0.9% (2018e) 1.3% (2019f) <ref name", "sectors": "agriculture 2.8% ,  industry 29.7% ,  services 67.5% (2017 est.)<ref name", "inflation": "decreasePositive 5.4% (2017 est.)<ref name", "poverty": "increasenegative 55.5% (2014 est.)", "gini": "0.65 #8B0000 (2014, excluding taxes)<ref name", "labour": "22.19 million (2017 est.)<ref name", "occupations": "agriculture: 4.6% ,  industry: 23.5% ,  services: 71.9% (2014)<ref name", "youth unemployment": "51.1% (Q4 2017)", "unemployment": "increaseNegative 27.5% (2017 est.)<ref name", "edbr": "increasenegative82nd (2018)", "industries": "mining (world's largest producer of platinum), gold, chromium, automobile manufacturing, metalworking, machinery, textiles, iron and steel, chemicals, fertiliser, foodstuffs, commercial ship repair", "exports": "$110.1 billion (2016)<ref name", "imports": "$73.7 billion (2016)<ref name", "FDI": "increase $156.8 billion (31 December 2017 est.)<ref name", "debt": "increaseNegative 53% of GDP (2017 est.)<ref name", "revenue": "92.86 billion (2017 est.)<ref name", "expenses": "108.3 billion (2017 est.)<ref name", "balance": "-4.4% (of GDP) (2017 est.)<ref name", "reserves": "increase $50.72 billion (31 December 2017 est.)<ref name", "aid": "ODA $19 billion, 0.2% of GDP (2004)", "cianame": "sf "}, "2019-03-18T19:14:48Z": {"gdp": "$376.679 billion (nominal, 2018 est.)<ref name", "gdp rank": "32nd (nominal, 2018) Br 30th (PPP, 2018)", "per capita": "$6,560 (nominal, 2018 est.)<ref name", "organs": "WTO, G-20, SACU and others", "growth": "0.6% (2016) 1.3% (2017) Br 0.9% (2018e) 1.3% (2019f) <ref name", "sectors": "agriculture 2.8% ,  industry 29.7% ,  services 67.5% (2017 est.)<ref name", "inflation": "decreasePositive 5.4% (2017 est.)<ref name", "poverty": "increasenegative 55.5% (2014 est.)", "gini": "0.65 red (2014, excluding taxes)<ref name", "labour": "22.19 million (2017 est.)<ref name", "occupations": "agriculture: 4.6% ,  industry: 23.5% ,  services: 71.9% (2014)<ref name", "youth unemployment": "51.1% (Q4 2017)", "unemployment": "increaseNegative 27.5% (2017 est.)<ref name", "edbr": "increasenegative82nd (2018)", "industries": "mining (world's largest producer of platinum), gold, chromium, automobile manufacturing, metalworking, machinery, textiles, iron and steel, chemicals, fertiliser, foodstuffs, commercial ship repair", "exports": "$110.1 billion (2016)<ref name", "imports": "$73.7 billion (2016)<ref name", "FDI": "increase $156.8 billion (31 December 2017 est.)<ref name", "debt": "increaseNegative 53% of GDP (2017 est.)<ref name", "revenue": "92.86 billion (2017 est.)<ref name", "expenses": "108.3 billion (2017 est.)<ref name", "balance": "-4.4% (of GDP) (2017 est.)<ref name", "reserves": "increase $50.72 billion (31 December 2017 est.)<ref name", "aid": "ODA $19 billion, 0.2% of GDP (2004)", "cianame": "sf "}, "2019-04-02T02:37:56Z": {"gdp": "Increase$385.526 billion (nominal, 2019 est.)<ref name", "gdp rank": "32nd (nominal, 2018) Br 30th (PPP, 2018)", "per capita": "Increase$6,609 (nominal, 2019 est.)<ref name", "organs": "WTO, G-20, SACU and others", "growth": "0.6% (2016) 1.3% (2017) Br 0.9% (2018e) 1.3% (2019f) <ref name", "sectors": "agriculture 2.8% ,  industry 29.7% ,  services 67.5% (2017 est.)<ref name", "inflation": "decreasePositive 5.4% (2017 est.)<ref name", "poverty": "increasenegative 55.5% (2014 est.)", "gini": "0.65 red (2014, excluding taxes)<ref name", "labour": "22.19 million (2017 est.)<ref name", "occupations": "agriculture: 4.6% ,  industry: 23.5% ,  services: 71.9% (2014)<ref name", "youth unemployment": "51.1% (Q4 2017)", "unemployment": "increaseNegative 27.5% (2017 est.)<ref name", "edbr": "increasenegative82nd (2018)", "industries": "mining (world's largest producer of platinum), gold, chromium, automobile manufacturing, metalworking, machinery, textiles, iron and steel, chemicals, fertiliser, foodstuffs, commercial ship repair", "exports": "$110.1 billion (2016)<ref name", "imports": "$73.7 billion (2016)<ref name", "FDI": "increase $156.8 billion (31 December 2017 est.)<ref name", "debt": "increaseNegative 53% of GDP (2017 est.)<ref name", "revenue": "92.86 billion (2017 est.)<ref name", "expenses": "108.3 billion (2017 est.)<ref name", "balance": "-4.4% (of GDP) (2017 est.)<ref name", "reserves": "increase $50.72 billion (31 December 2017 est.)<ref name", "aid": "ODA $19 billion, 0.2% of GDP (2004)", "cianame": "sf "}, "2019-04-05T00:17:20Z": {"gdp": "Increase$585.526 billion (nominal, 2019 est.)<ref name", "gdp rank": "32nd (nominal, 2018) Br 30th (PPP, 2018)", "per capita": "Increase$10,609 (nominal, 2019 est.)<ref name", "organs": "WTO, G-20, SACU and others", "growth": "0.6% (2016) 1.3% (2017) Br 0.9% (2018e) 1.3% (2019f) <ref name", "sectors": "agriculture 2.8% ,  industry 29.7% ,  services 67.5% (2017 est.)<ref name", "inflation": "decreasePositive 5.4% (2017 est.)<ref name", "poverty": "increasenegative 55.5% (2014 est.)", "gini": "0.65 red (2014, excluding taxes)<ref name", "labour": "22.19 million (2017 est.)<ref name", "occupations": "agriculture: 4.6% ,  industry: 23.5% ,  services: 71.9% (2014)<ref name", "youth unemployment": "51.1% (Q4 2017)", "unemployment": "increaseNegative 27.5% (2017 est.)<ref name", "edbr": "increasenegative82nd (2018)", "industries": "mining (world's largest producer of platinum), gold, chromium, automobile manufacturing, metalworking, machinery, textiles, iron and steel, chemicals, fertiliser, foodstuffs, commercial ship repair", "exports": "$110.1 billion (2016)<ref name", "imports": "$73.7 billion (2016)<ref name", "FDI": "increase $156.8 billion (31 December 2017 est.)<ref name", "debt": "increaseNegative 53% of GDP (2017 est.)<ref name", "revenue": "92.86 billion (2017 est.)<ref name", "expenses": "108.3 billion (2017 est.)<ref name", "balance": "-4.4% (of GDP) (2017 est.)<ref name", "reserves": "increase $50.72 billion (31 December 2017 est.)<ref name", "aid": "ODA $19 billion, 0.2% of GDP (2004)", "cianame": "sf "}, "2019-04-05T00:20:59Z": {"gdp": "Increase$385.526 billion (nominal, 2019 est.)<ref name", "gdp rank": "32nd (nominal, 2018) Br 30th (PPP, 2018)", "per capita": "Increase$6,609 (nominal, 2019 est.)<ref name", "organs": "WTO, G-20, SACU and others", "growth": "0.6% (2016) 1.3% (2017) Br 0.9% (2018e) 1.3% (2019f) <ref name", "sectors": "agriculture 2.8% ,  industry 29.7% ,  services 67.5% (2017 est.)<ref name", "inflation": "decreasePositive 5.4% (2017 est.)<ref name", "poverty": "increasenegative 55.5% (2014 est.)", "gini": "0.65 red (2014, excluding taxes)<ref name", "labour": "22.19 million (2017 est.)<ref name", "occupations": "agriculture: 4.6% ,  industry: 23.5% ,  services: 71.9% (2014)<ref name", "youth unemployment": "51.1% (Q4 2017)", "unemployment": "increaseNegative 27.5% (2017 est.)<ref name", "edbr": "increasenegative82nd (2018)", "industries": "mining (world's largest producer of platinum), gold, chromium, automobile manufacturing, metalworking, machinery, textiles, iron and steel, chemicals, fertiliser, foodstuffs, commercial ship repair", "exports": "$110.1 billion (2016)<ref name", "imports": "$73.7 billion (2016)<ref name", "FDI": "increase $156.8 billion (31 December 2017 est.)<ref name", "debt": "increaseNegative 53% of GDP (2017 est.)<ref name", "revenue": "92.86 billion (2017 est.)<ref name", "expenses": "108.3 billion (2017 est.)<ref name", "balance": "-4.4% (of GDP) (2017 est.)<ref name", "reserves": "increase $50.72 billion (31 December 2017 est.)<ref name", "aid": "ODA $19 billion, 0.2% of GDP (2004)", "cianame": "sf "}, "2019-05-25T20:47:22Z": {"gdp": "Increase$385.526 billion (nominal, 2019 est.)<ref name", "gdp rank": "32nd (nominal, 2018) Br 30th (PPP, 2018)", "per capita": "Increase$6,609 (nominal, 2019 est.)<ref name", "organs": "WTO, G-20, SACU and others", "growth": "0.6% (2016) 1.3% (2017) Br 0.9% (2018e) 1.3% (2019f) <ref name", "sectors": "agriculture 2.8% ,  industry 29.7% ,  services 67.5% (2017 est.)<ref name", "inflation": "decreasePositive 5.4% (2017 est.)<ref name", "poverty": "increasenegative 55.5% (2014 est.)", "gini": "0.65 red (2014, excluding taxes)<ref name", "hdi": "increase 0.699 darkorange (2017) (113th)", "labour": "22.19 million (2017 est.)<ref name", "occupations": "agriculture: 4.6% ,  industry: 23.5% ,  services: 71.9% (2014)<ref name", "youth unemployment": "51.1% (Q4 2017)", "unemployment": "increaseNegative 27.5% (2017 est.)<ref name", "edbr": "increasenegative82nd (2018)", "industries": "mining (world's largest producer of platinum), gold, chromium, automobile manufacturing, metalworking, machinery, textiles, iron and steel, chemicals, fertiliser, foodstuffs, commercial ship repair", "exports": "$110.1 billion (2016)<ref name", "imports": "$73.7 billion (2016)<ref name", "FDI": "increase $156.8 billion (31 December 2017 est.)<ref name", "debt": "increaseNegative 53% of GDP (2017 est.)<ref name", "revenue": "92.86 billion (2017 est.)<ref name", "expenses": "108.3 billion (2017 est.)<ref name", "balance": "-4.4% (of GDP) (2017 est.)<ref name", "reserves": "increase $50.72 billion (31 December 2017 est.)<ref name", "aid": "ODA $19 billion, 0.2% of GDP (2004)", "cianame": "sf "}, "2019-06-25T19:48:55Z": {"gdp": "Increase$385.526 billion (nominal, 2019 est.)<ref name", "gdp rank": "32nd (nominal, 2018) Br 30th (PPP, 2018)", "per capita": "Increase$6,609 (nominal, 2019 est.)<ref name", "organs": "WTO, G-20, SACU and others", "growth": "0.6% (2016) 1.3% (2017) Br 0.9% (2018e) 1.3% (2019f)<ref name", "sectors": "agriculture 2.8% ,  industry 29.7% ,  services 67.5% (2017 est.)<ref name", "inflation": "decreasePositive 5.4% (2017 est.)<ref name", "poverty": "increasenegative 55.5% (2014 est.)", "gini": "0.65 red (2014, excluding taxes)<ref name", "hdi": "increase 0.699 darkorange (2017) (113th)", "labour": "22.19 million (2017 est.)<ref name", "occupations": "agriculture: 4.6% ,  industry: 23.5% ,  services: 71.9% (2014)<ref name", "youth unemployment": "51.1% (Q4 2017)", "unemployment": "increaseNegative 27.5% (2017 est.)<ref name", "edbr": "increasenegative82nd (2018)", "industries": "mining (world's largest producer of platinum), gold, chromium, automobile manufacturing, metalworking, machinery, textiles, iron and steel, chemicals, fertiliser, foodstuffs, commercial ship repair", "exports": "$110.1 billion (2016)<ref name", "imports": "$73.7 billion (2016)<ref name", "FDI": "increase $156.8 billion (31 December 2017 est.)<ref name", "debt": "increaseNegative 53% of GDP (2017 est.)<ref name", "revenue": "92.86 billion (2017 est.)<ref name", "expenses": "108.3 billion (2017 est.)<ref name", "balance": "-4.4% (of GDP) (2017 est.)<ref name", "reserves": "increase $50.72 billion (31 December 2017 est.)<ref name", "aid": "ODA $19 billion, 0.2% of GDP (2004)", "cianame": "sf "}, "2019-06-27T21:11:54Z": {"gdp": ["Increase$385.526 billion (nominal, 2019 est.)<ref name"], "gdp rank": ["32nd (nominal, 2018)", "30th (PPP, 2018)"], "per capita": ["Increase$6,609 (nominal, 2019 est.)<ref name"], "organs": "WTO, G-20, SACU and others", "growth": "0.6% (2016) 1.3% (2017) Br 0.9% (2018e) 1.3% (2019f)<ref name", "sectors": ["agriculture: 2.8%", "industry: 29.7%", "services: 67.5%", "(2017 est.)<ref name"], "inflation": ["5.4% (2017 est.)<ref name"], "poverty": "increasenegative 55.5% (2014 est.)", "gini": "0.65 red (2014, excluding taxes)<ref name", "hdi": "increase 0.699 darkorange (2017) (113th)", "labour": "22.19 million (2017 est.)<ref name", "occupations": ["agriculture: 4.6%", "industry: 23.5%", "services: 71.9%", "(2014)<ref name"], "youth unemployment": "51.1% (Q4 2017)", "unemployment": " increaseNegative 27.5% (2017 est.)<ref name", "edbr": "steady 82nd (2019)", "industries": "mining (world's largest producer of platinum), gold, chromium, automobile manufacturing, metalworking, machinery, textiles, iron and steel, chemicals, fertiliser, foodstuffs, commercial ship repair", "exports": "$110.1 billion (2016)<ref name", "imports": "$73.7 billion (2016)<ref name", "FDI": ["increase $156.8 billion (31 December 2017 est.)<ref name"], "debt": "increaseNegative 53% of GDP (2017 est.)<ref name", "revenue": "92.86 billion (2017 est.)<ref name", "expenses": "108.3 billion (2017 est.)<ref name", "balance": "\u22124.4% (of GDP) (2017 est.)<ref name", "reserves": "increase $50.72 billion (31 December 2017 est.)<ref name", "aid": "ODA $19 billion, 0.2% of GDP (2004)", "cianame": "sf "}, "2019-06-27T21:16:57Z": {"gdp": ["Increase $371.298 billion (nominal, 2019 est.)<ref name"], "gdp rank": ["32nd (nominal, 2018)", "30th (PPP, 2018)"], "per capita": ["decrease $6,331 (nominal, 2019 est.)<ref name"], "organs": "WTO, G-20, SACU and others", "growth": "0.6% (2016) 1.3% (2017) Br 0.9% (2018e) 1.3% (2019f)<ref name", "sectors": ["agriculture: 2.8%", "industry: 29.7%", "services: 67.5%", "(2017 est.)<ref name"], "inflation": ["4.956% (2019 est.)<ref name"], "poverty": "increasenegative 55.5% (2014, World Bank)", "gini": "0.65 red (2014, excluding taxes)<ref name", "hdi": "increase 0.699 darkorange (2017) (113th)", "labour": "22.19 million (2017 est.)<ref name", "occupations": ["agriculture: 4.6%", "industry: 23.5%", "services: 71.9%", "(2014)<ref name"], "youth unemployment": "51.1% (Q4 2017)", "unemployment": " increaseNegative 27.5% (2017 est.)<ref name", "edbr": "steady 82nd (2019)", "industries": "mining (world's largest producer of platinum), gold, chromium, automobile manufacturing, metalworking, machinery, textiles, iron and steel, chemicals, fertiliser, foodstuffs, commercial ship repair", "exports": "$110.1 billion (2016)<ref name", "imports": "$73.7 billion (2016)<ref name", "FDI": ["increase $156.8 billion (31 December 2017 est.)<ref name"], "debt": "increaseNegative 53% of GDP (2017 est.)<ref name", "revenue": "92.86 billion (2017 est.)<ref name", "expenses": "108.3 billion (2017 est.)<ref name", "balance": "\u22124.4% (of GDP) (2017 est.)<ref name", "reserves": "increase $50.72 billion (31 December 2017 est.)<ref name", "aid": "ODA $19 billion, 0.2% of GDP (2004)", "cianame": "sf "}, "2019-06-27T21:21:11Z": {"gdp": ["Increase $371.298 billion (nominal, 2019 est.)<ref name"], "gdp rank": ["32nd (nominal, 2018)", "30th (PPP, 2018)"], "per capita": ["decrease $6,331 (nominal, 2019 est.)<ref name"], "organs": "WTO, G-20, SACU and others", "growth": "0.6% (2016) 1.3% (2017) Br 0.9% (2018e) 1.3% (2019f)<ref name", "sectors": ["agriculture: 2.8%", "industry: 29.7%", "services: 67.5%", "(2017 est.)<ref name"], "inflation": ["4.956% (2019 est.)<ref name"], "poverty": "increasenegative 55.5% (2014, World Bank)", "gini": "0.65 red (2014, excluding taxes)<ref name", "hdi": ["increase 0.699 darkorange (2017)"], "labour": "22.19 million (2017 est.)<ref name", "occupations": ["agriculture: 4.6%", "industry: 23.5%", "services: 71.9%", "(2014)<ref name"], "youth unemployment": "51.1% (Q4 2017)", "unemployment": " increaseNegative 27.5% (2017 est.)<ref name", "edbr": "steady 82nd (2019)", "industries": "mining (world's largest producer of platinum), gold, chromium, automobile manufacturing, metalworking, machinery, textiles, iron and steel, chemicals, fertiliser, foodstuffs, commercial ship repair", "exports": "$110.1 billion (2016)<ref name", "imports": "$73.7 billion (2016)<ref name", "FDI": ["increase $156.8 billion (31 December 2017 est.)<ref name"], "debt": "increaseNegative 53% of GDP (2017 est.)<ref name", "revenue": "92.86 billion (2017 est.)<ref name", "expenses": "108.3 billion (2017 est.)<ref name", "balance": "\u22124.4% (of GDP) (2017 est.)<ref name", "reserves": "increase $50.72 billion (31 December 2017 est.)<ref name", "aid": "ODA $19 billion, 0.2% of GDP (2004)", "cianame": "sf "}, "2019-06-27T21:23:44Z": {"gdp": ["Increase $371.298 billion (nominal, 2019 est.)<ref name"], "gdp rank": ["32nd (nominal, 2018)", "30th (PPP, 2018)"], "per capita": ["decrease $6,331 (nominal, 2019 est.)<ref name"], "organs": "WTO, G-20, SACU and others", "growth": "0.6% (2016) 1.3% (2017) Br 0.9% (2018e) 1.3% (2019f)<ref name", "sectors": ["agriculture: 2.8%", "industry: 29.7%", "services: 67.5%", "(2017 est.)<ref name"], "inflation": ["4.956% (2019 est.)<ref name"], "poverty": "increasenegative 55.5% (2014, World Bank)", "gini": "0.65 red (2014, excluding taxes)<ref name", "hdi": ["increase 0.699 darkorange (2017)"], "labour": "22.19 million (2017 est.)<ref name", "occupations": ["agriculture: 4.6%", "industry: 23.5%", "services: 71.9%", "(2014)<ref name"], "youth unemployment": "51.1% (Q4 2017)", "unemployment": " increaseNegative 27.5% (2017 est.)<ref name", "edbr": "steady 82nd (2019)", "industries": "mining (world's largest producer of platinum), gold, chromium, automobile manufacturing, metalworking, machinery, textiles, iron and steel, chemicals, fertiliser, foodstuffs, commercial ship repair", "exports": "$110.1 billion (2016)<ref name", "imports": "$73.7 billion (2016)<ref name", "current account": "decrease \u2212$8.584 billion (2017 est.)<ref name", "FDI": ["increase $156.8 billion (31 December 2017 est.)<ref name"], "debt": "increaseNegative 53% of GDP (2017 est.)<ref name", "revenue": "92.86 billion (2017 est.)<ref name", "expenses": "108.3 billion (2017 est.)<ref name", "balance": "\u22124.4% (of GDP) (2017 est.)<ref name", "reserves": "increase $50.72 billion (31 December 2017 est.)<ref name", "aid": "ODA $19 billion, 0.2% of GDP (2004)", "cianame": "sf "}, "2019-07-11T17:46:01Z": {"gdp": ["Increase $371.298 billion (nominal, 2019 est.)<ref name"], "gdp rank": ["32nd (nominal, 2018)", "30th (PPP, 2018)"], "per capita": ["decrease $6,331 (nominal, 2019 est.)<ref name"], "organs": "WTO, G-20, SACU and others", "growth": ["0.6% (2016) 1.4% (2017)", "0.8% (2018e) 1.1% (2019f)<ref name"], "sectors": ["agriculture: 2.8%", "industry: 29.7%", "services: 67.5%", "(2017 est.)<ref name"], "inflation": ["4.956% (2019 est.)<ref name"], "poverty": "increasenegative 55.5% (2014, World Bank)", "gini": "0.65 red (2014, excluding taxes)<ref name", "hdi": ["increase 0.699 darkorange (2017)"], "labour": "22.19 million (2017 est.)<ref name", "occupations": ["agriculture: 4.6%", "industry: 23.5%", "services: 71.9%", "(2014)<ref name"], "youth unemployment": "51.1% (Q4 2017)", "unemployment": " increaseNegative 27.5% (2017 est.)<ref name", "edbr": "steady 82nd (2019)", "industries": "mining (world's largest producer of platinum), gold, chromium, automobile manufacturing, metalworking, machinery, textiles, iron and steel, chemicals, fertiliser, foodstuffs, commercial ship repair", "exports": "$110.1 billion (2016)<ref name", "imports": "$73.7 billion (2016)<ref name", "current account": "decrease \u2212$8.584 billion (2017 est.)<ref name", "FDI": ["increase $156.8 billion (31 December 2017 est.)<ref name"], "debt": "increaseNegative 53% of GDP (2017 est.)<ref name", "revenue": "92.86 billion (2017 est.)<ref name", "expenses": "108.3 billion (2017 est.)<ref name", "balance": "\u22124.4% (of GDP) (2017 est.)<ref name", "reserves": "increase $50.72 billion (31 December 2017 est.)<ref name", "aid": "ODA $19 billion, 0.2% of GDP (2004)", "cianame": "sf "}, "2019-07-11T17:48:38Z": {"gdp": ["Increase $371.298 billion (nominal, 2019 est.)<ref name"], "gdp rank": ["32nd (nominal, 2018)", "30th (PPP, 2018)"], "per capita": ["decrease $6,331 (nominal, 2019 est.)<ref name"], "organs": "AU, WTO, AfCFTA, G-20, SACU and others", "growth": ["0.6% (2016) 1.4% (2017)", "0.8% (2018e) 1.1% (2019f)<ref name"], "sectors": ["agriculture: 2.8%", "industry: 29.7%", "services: 67.5%", "(2017 est.)<ref name"], "inflation": ["4.956% (2019 est.)<ref name"], "poverty": "increasenegative 55.5% (2014, World Bank)", "gini": "0.65 red (2014, excluding taxes)<ref name", "hdi": ["increase 0.699 darkorange (2017)"], "labour": "22.19 million (2017 est.)<ref name", "occupations": ["agriculture: 4.6%", "industry: 23.5%", "services: 71.9%", "(2014)<ref name"], "youth unemployment": "51.1% (Q4 2017)", "unemployment": " increaseNegative 27.5% (2017 est.)<ref name", "edbr": "steady 82nd (2019)", "industries": "mining (world's largest producer of platinum), gold, chromium, automobile manufacturing, metalworking, machinery, textiles, iron and steel, chemicals, fertiliser, foodstuffs, commercial ship repair", "exports": "$110.1 billion (2016)<ref name", "imports": "$73.7 billion (2016)<ref name", "current account": "decrease \u2212$8.584 billion (2017 est.)<ref name", "FDI": ["increase $156.8 billion (31 December 2017 est.)<ref name"], "debt": "increaseNegative 53% of GDP (2017 est.)<ref name", "revenue": "92.86 billion (2017 est.)<ref name", "expenses": "108.3 billion (2017 est.)<ref name", "balance": "\u22124.4% (of GDP) (2017 est.)<ref name", "reserves": "increase $50.72 billion (31 December 2017 est.)<ref name", "aid": "ODA $19 billion, 0.2% of GDP (2004)", "cianame": "sf "}, "2019-07-20T13:34:30Z": {"gdp": ["Increase $371.298 billion (nominal, 2019 est.)<ref name"], "gdp rank": ["32nd (nominal, 2018)", "30th (PPP, 2018)"], "per capita": ["decrease $6,331 (nominal, 2019 est.)<ref name"], "organs": "AU, WTO, AfCFTA, G-20, SACU and others", "growth": ["0.6% (2016) 1.4% (2017)", "0.8% (2018e) 1.1% (2019f)<ref name"], "sectors": ["agriculture: 2.8%", "industry: 29.7%", "services: 67.5%", "(2017 est.)<ref name"], "inflation": ["4.956% (2019 est.)<ref name"], "poverty": "increasenegative 55.5% (2014, World Bank)", "gini": "0.65 red (2014, excluding taxes)<ref name", "hdi": ["increase 0.699 darkorange (2017)"], "labour": "22.19 million (2017 est.)<ref name", "occupations": ["agriculture: 4.6%", "industry: 23.5%", "services: 71.9%", "(2014)<ref name"], "youth unemployment": "51.1% (Q4 2017)", "unemployment": " increaseNegative 27.5% (2017 est.)<ref name", "edbr": "steady 82nd (2019)", "industries": "mining (world's largest producer of platinum), gold, chromium, automobile manufacturing, metalworking, machinery, textiles, iron and steel, chemicals, fertiliser, foodstuffs, commercial ship repair", "exports": "$108 billion (2017)<ref name", "imports": "$81.9 billion (2017)<ref name", "current account": "decrease \u2212$8.584 billion (2017 est.)<ref name", "FDI": ["increase $156.8 billion (31 December 2017 est.)<ref name"], "debt": "increaseNegative 53% of GDP (2017 est.)<ref name", "revenue": "92.86 billion (2017 est.)<ref name", "expenses": "108.3 billion (2017 est.)<ref name", "balance": "\u22124.4% (of GDP) (2017 est.)<ref name", "reserves": "increase $50.72 billion (31 December 2017 est.)<ref name", "aid": "ODA $19 billion, 0.2% of GDP (2004)", "cianame": "sf "}, "2019-07-22T22:34:15Z": {"gdp": ["Increase $371.298 billion (nominal, 2019 est.)<ref name"], "gdp rank": ["32nd (nominal, 2018)", "30th (PPP, 2018)"], "per capita": ["decrease $6,331 (nominal, 2019 est.)<ref name"], "organs": "AU, WTO, AfCFTA, G-20, SACU and others", "growth": ["0.6% (2016) 1.4% (2017)", "0.8% (2018e) 1.1% (2019f)<ref name"], "sectors": ["agriculture: 2.8%", "industry: 29.7%", "services: 67.5%", "(2017 est.)<ref name"], "inflation": ["4.956% (2019 est.)<ref name"], "poverty": ["increasenegative 55.5% (2014, World Bank)"], "gini": "0.65 red (2014, excluding taxes)<ref name", "hdi": ["increase 0.699 darkorange (2017)"], "labour": "increase 22,853,583 (2017 est.)", "occupations": ["agriculture: 4.6%", "industry: 23.5%", "services: 71.9%", "(2014)<ref name"], "youth unemployment": "51.1% (Q4 2017)", "unemployment": " increaseNegative 27.5% (2017 est.)<ref name", "edbr": "steady 82nd (2019)", "industries": "mining (world's largest producer of platinum), gold, chromium, automobile manufacturing, metalworking, machinery, textiles, iron and steel, chemicals, fertiliser, foodstuffs, commercial ship repair", "exports": "$108 billion (2017)<ref name", "imports": "$81.9 billion (2017)<ref name", "current account": "decrease \u2212$8.584 billion (2017 est.)<ref name", "FDI": ["increase $156.8 billion (31 December 2017 est.)<ref name"], "debt": "increaseNegative 53% of GDP (2017 est.)<ref name", "revenue": "92.86 billion (2017 est.)<ref name", "expenses": "108.3 billion (2017 est.)<ref name", "balance": "\u22124.4% (of GDP) (2017 est.)<ref name", "reserves": "increase $50.72 billion (31 December 2017 est.)<ref name", "aid": "ODA $19 billion, 0.2% of GDP (2004)", "cianame": "sf "}, "2019-07-22T22:35:44Z": {"gdp": ["Increase $371.298 billion (nominal, 2019 est.)<ref name"], "gdp rank": ["32nd (nominal, 2018)", "30th (PPP, 2018)"], "per capita": ["decrease $6,331 (nominal, 2019 est.)<ref name"], "organs": "AU, WTO, AfCFTA, G-20, SACU and others", "growth": ["0.6% (2016) 1.4% (2017)", "0.8% (2018e) 1.1% (2019f)<ref name"], "sectors": ["agriculture: 2.8%", "industry: 29.7%", "services: 67.5%", "(2017 est.)<ref name"], "inflation": ["4.956% (2019 est.)<ref name"], "poverty": ["increasenegative 55.5% (2014, World Bank)"], "gini": "0.65 red (2014, excluding taxes)<ref name", "hdi": ["increase 0.699 darkorange (2017)"], "labour": "increase 22,853,583 (2018)", "occupations": ["agriculture: 4.6%", "industry: 23.5%", "services: 71.9%", "(2014)<ref name"], "youth unemployment": "51.1% (Q4 2017)", "unemployment": " increaseNegative 27.5% (2017 est.)<ref name", "edbr": "steady 82nd (2019)", "industries": "mining (world's largest producer of platinum), gold, chromium, automobile manufacturing, metalworking, machinery, textiles, iron and steel, chemicals, fertiliser, foodstuffs, commercial ship repair", "exports": "$108 billion (2017)<ref name", "imports": "$81.9 billion (2017)<ref name", "current account": "decrease \u2212$8.584 billion (2017 est.)<ref name", "FDI": ["increase $156.8 billion (31 December 2017 est.)<ref name"], "debt": "increaseNegative 53% of GDP (2017 est.)<ref name", "revenue": "92.86 billion (2017 est.)<ref name", "expenses": "108.3 billion (2017 est.)<ref name", "balance": "\u22124.4% (of GDP) (2017 est.)<ref name", "reserves": "increase $50.72 billion (31 December 2017 est.)<ref name", "aid": "ODA $19 billion, 0.2% of GDP (2004)", "cianame": "sf "}, "2019-07-22T22:40:24Z": {"gdp": ["Increase $371.298 billion (nominal, 2019 est.)<ref name"], "gdp rank": ["32nd (nominal, 2018)", "30th (PPP, 2018)"], "per capita": ["decrease $6,331 (nominal, 2019 est.)<ref name"], "organs": "AU, WTO, AfCFTA, G-20, SACU and others", "growth": ["0.6% (2016) 1.4% (2017)", "0.8% (2018e) 1.1% (2019f)<ref name"], "sectors": ["agriculture: 2.8%", "industry: 29.7%", "services: 67.5%", "(2017 est.)<ref name"], "inflation": ["4.956% (2019 est.)<ref name"], "poverty": ["increasenegative 55.5% (2014, World Bank)"], "gini": "0.65 red (2014, excluding taxes)<ref name", "hdi": ["increase 0.699 darkorange (2017)"], "labour": "increase 22,853,583 (2018)", "occupations": ["agriculture: 4.6%", "industry: 23.5%", "services: 71.9%", "(2014)<ref name"], "youth unemployment": "51.1% (Q4 2017)", "unemployment": "decreasePositive 26.9% (2018)", "edbr": "steady 82nd (2019)", "industries": "mining (world's largest producer of platinum), gold, chromium, automobile manufacturing, metalworking, machinery, textiles, iron and steel, chemicals, fertiliser, foodstuffs, commercial ship repair", "exports": "$108 billion (2017)<ref name", "imports": "$81.9 billion (2017)<ref name", "current account": "decrease \u2212$8.584 billion (2017 est.)<ref name", "FDI": ["increase $156.8 billion (31 December 2017 est.)<ref name"], "debt": "increaseNegative 53% of GDP (2017 est.)<ref name", "revenue": "92.86 billion (2017 est.)<ref name", "expenses": "108.3 billion (2017 est.)<ref name", "balance": "\u22124.4% (of GDP) (2017 est.)<ref name", "reserves": "increase $50.72 billion (31 December 2017 est.)<ref name", "aid": "ODA $19 billion, 0.2% of GDP (2004)", "cianame": "sf "}, "2019-08-24T16:02:50Z": {"organs": "AU, WTO, AfCFTA, G-20, SACU and others", "population": "increase 57,779,622 (2018)", "gdp": ["Increase $371.298 billion (nominal, 2019 est.)<ref name"], "gdp rank": ["32nd (nominal, 2018)", "30th (PPP, 2018)"], "per capita": ["decrease $6,331 (nominal, 2019 est.)<ref name"], "growth": ["0.6% (2016) 1.4% (2017)", "0.8% (2018e) 1.1% (2019f)<ref name"], "sectors": ["agriculture: 2.8%", "industry: 29.7%", "services: 67.5%", "(2017 est.)<ref name"], "inflation": ["4.956% (2019 est.)<ref name"], "poverty": ["increasenegative 55.5% (2014, World Bank)"], "gini": "0.65 red (2014, excluding taxes)<ref name", "hdi": ["increase 0.699 darkorange (2017)"], "labour": ["increase 22,853,583 (2018)"], "occupations": ["agriculture: 4.6%", "industry: 23.5%", "services: 71.9%", "(2014)<ref name"], "youth unemployment": "51.1% (Q4 2017)", "unemployment": "decreasePositive 26.9% (2018)", "edbr": "steady 82nd (2019)", "industries": "mining (world's largest producer of platinum), gold, chromium, automobile manufacturing, metalworking, machinery, textiles, iron and steel, chemicals, fertiliser, foodstuffs, commercial ship repair", "exports": "$108 billion (2017)<ref name", "imports": "$81.9 billion (2017)<ref name", "current account": "decrease \u2212$8.584 billion (2017 est.)<ref name", "FDI": ["increase $156.8 billion (31 December 2017 est.)<ref name"], "debt": "increaseNegative 53% of GDP (2017 est.)<ref name", "revenue": "92.86 billion (2017 est.)<ref name", "expenses": "108.3 billion (2017 est.)<ref name", "balance": "\u22124.4% (of GDP) (2017 est.)<ref name", "reserves": "increase $50.72 billion (31 December 2017 est.)<ref name", "aid": "ODA $19 billion, 0.2% of GDP (2004)", "cianame": "sf "}, "2019-09-01T07:11:10Z": {"organs": "AU, WTO, BRICS, AfCFTA, G-20, SACU and others", "population": "increase 57,779,622 (2018)", "gdp": ["Increase $371.298 billion (nominal, 2019 est.)<ref name"], "gdp rank": ["32nd (nominal, 2018)", "30th (PPP, 2018)"], "per capita": ["decrease $6,331 (nominal, 2019 est.)<ref name"], "growth": ["0.6% (2016) 1.4% (2017)", "0.8% (2018e) 1.1% (2019f)<ref name"], "sectors": ["agriculture: 2.8%", "industry: 29.7%", "services: 67.5%", "(2017 est.)<ref name"], "inflation": ["4.956% (2019 est.)<ref name"], "poverty": ["increasenegative 55.5% (2014, World Bank)"], "gini": "0.65 red (2014, excluding taxes)<ref name", "hdi": ["increase 0.699 darkorange (2017)"], "labour": ["increase 22,853,583 (2018)"], "occupations": ["agriculture: 4.6%", "industry: 23.5%", "services: 71.9%", "(2014)<ref name"], "youth unemployment": "51.1% (Q4 2017)", "unemployment": "decreasePositive 26.9% (2018)", "edbr": "steady 82nd (2019)", "industries": "mining (world's largest producer of platinum), gold, chromium, automobile manufacturing, metalworking, machinery, textiles, iron and steel, chemicals, fertiliser, foodstuffs, commercial ship repair", "exports": "$108 billion (2017)<ref name", "imports": "$81.9 billion (2017)<ref name", "current account": "decrease \u2212$8.584 billion (2017 est.)<ref name", "FDI": ["increase $156.8 billion (31 December 2017 est.)<ref name"], "debt": "increaseNegative 53% of GDP (2017 est.)<ref name", "revenue": "92.86 billion (2017 est.)<ref name", "expenses": "108.3 billion (2017 est.)<ref name", "balance": "\u22124.4% (of GDP) (2017 est.)<ref name", "reserves": "increase $50.72 billion (31 December 2017 est.)<ref name", "aid": "ODA $19 billion, 0.2% of GDP (2004)", "cianame": "sf "}, "2019-10-08T19:46:26Z": {"organs": "AU, WTO, BRICS, AfCFTA, G-20, SACU and others", "population": "increase 57,779,622 (2018)", "gdp": ["Increase $742.596 billion (nominal, 2019 est.)<ref name"], "gdp rank": ["32nd (nominal, 2018)", "30th (PPP, 2018)"], "per capita": ["decrease $6,331 (nominal, 2019 est.)<ref name"], "growth": ["0.6% (2016) 1.4% (2017)", "0.8% (2018e) 1.1% (2019f)<ref name"], "sectors": ["agriculture: 2.8%", "industry: 29.7%", "services: 67.5%", "(2017 est.)<ref name"], "inflation": ["4.956% (2019 est.)<ref name"], "poverty": ["increasenegative 55.5% (2014, World Bank)"], "gini": "0.65 red (2014, excluding taxes)<ref name", "hdi": ["increase 0.699 darkorange (2017)"], "labour": ["increase 22,853,583 (2018)"], "occupations": ["agriculture: 4.6%", "industry: 23.5%", "services: 71.9%", "(2014)<ref name"], "youth unemployment": "51.1% (Q4 2017)", "unemployment": "decreasePositive 26.9% (2018)", "edbr": "steady 82nd (2019)", "industries": "mining (world's largest producer of platinum), gold, chromium, automobile manufacturing, metalworking, machinery, textiles, iron and steel, chemicals, fertiliser, foodstuffs, commercial ship repair", "exports": "$108 billion (2017)<ref name", "imports": "$81.9 billion (2017)<ref name", "current account": "decrease \u2212$8.584 billion (2017 est.)<ref name", "FDI": ["increase $156.8 billion (31 December 2017 est.)<ref name"], "debt": "increaseNegative 53% of GDP (2017 est.)<ref name", "revenue": "92.86 billion (2017 est.)<ref name", "expenses": "108.3 billion (2017 est.)<ref name", "balance": "\u22124.4% (of GDP) (2017 est.)<ref name", "reserves": "increase $50.72 billion (31 December 2017 est.)<ref name", "aid": "ODA $19 billion, 0.2% of GDP (2004)", "cianame": "sf "}, "2019-10-08T19:47:09Z": {"organs": "AU, WTO, BRICS, AfCFTA, G-20, SACU and others", "population": "increase 57,779,622 (2018)", "gdp": ["Increase $742.596 billion (nominal, 2019 est.)<ref name"], "gdp rank": ["32nd (nominal, 2018)", "30th (PPP, 2018)"], "per capita": ["decrease $16,331 (nominal, 2019 est.)<ref name"], "growth": ["0.6% (2016) 1.4% (2017)", "0.8% (2018e) 1.1% (2019f)<ref name"], "sectors": ["agriculture: 2.8%", "industry: 29.7%", "services: 67.5%", "(2017 est.)<ref name"], "inflation": ["4.956% (2019 est.)<ref name"], "poverty": ["increasenegative 55.5% (2014, World Bank)"], "gini": "0.65 red (2014, excluding taxes)<ref name", "hdi": ["increase 0.699 darkorange (2017)"], "labour": ["increase 22,853,583 (2018)"], "occupations": ["agriculture: 4.6%", "industry: 23.5%", "services: 71.9%", "(2014)<ref name"], "youth unemployment": "51.1% (Q4 2017)", "unemployment": "decreasePositive 26.9% (2018)", "edbr": "steady 82nd (2019)", "industries": "mining (world's largest producer of platinum), gold, chromium, automobile manufacturing, metalworking, machinery, textiles, iron and steel, chemicals, fertiliser, foodstuffs, commercial ship repair", "exports": "$108 billion (2017)<ref name", "imports": "$81.9 billion (2017)<ref name", "current account": "decrease \u2212$8.584 billion (2017 est.)<ref name", "FDI": ["increase $156.8 billion (31 December 2017 est.)<ref name"], "debt": "increaseNegative 53% of GDP (2017 est.)<ref name", "revenue": "92.86 billion (2017 est.)<ref name", "expenses": "108.3 billion (2017 est.)<ref name", "balance": "\u22124.4% (of GDP) (2017 est.)<ref name", "reserves": "increase $50.72 billion (31 December 2017 est.)<ref name", "aid": "ODA $19 billion, 0.2% of GDP (2004)", "cianame": "sf "}, "2019-10-09T07:54:11Z": {"organs": "AU, WTO, BRICS, AfCFTA, G-20, SACU and others", "population": "increase 57,779,622 (2018)", "gdp": ["Increase $371.298 billion (nominal, 2019 est.)<ref name"], "gdp rank": ["32nd (nominal, 2018)", "30th (PPP, 2018)"], "per capita": ["decrease $6,331 (nominal, 2019 est.)<ref name"], "growth": ["0.6% (2016) 1.4% (2017)", "0.8% (2018e) 1.1% (2019f)<ref name"], "sectors": ["agriculture: 2.8%", "industry: 29.7%", "services: 67.5%", "(2017 est.)<ref name"], "inflation": ["4.956% (2019 est.)<ref name"], "poverty": ["increasenegative 55.5% (2014, World Bank)"], "gini": "0.65 red (2014, excluding taxes)<ref name", "hdi": ["increase 0.699 darkorange (2017)"], "labour": ["increase 22,853,583 (2018)"], "occupations": ["agriculture: 4.6%", "industry: 23.5%", "services: 71.9%", "(2014)<ref name"], "youth unemployment": "51.1% (Q4 2017)", "unemployment": "decreasePositive 26.9% (2018)", "edbr": "steady 82nd (2019)", "industries": "mining (world's largest producer of platinum), gold, chromium, automobile manufacturing, metalworking, machinery, textiles, iron and steel, chemicals, fertiliser, foodstuffs, commercial ship repair", "exports": "$108 billion (2017)<ref name", "imports": "$81.9 billion (2017)<ref name", "current account": "decrease \u2212$8.584 billion (2017 est.)<ref name", "FDI": ["increase $156.8 billion (31 December 2017 est.)<ref name"], "debt": "increaseNegative 53% of GDP (2017 est.)<ref name", "revenue": "92.86 billion (2017 est.)<ref name", "expenses": "108.3 billion (2017 est.)<ref name", "balance": "\u22124.4% (of GDP) (2017 est.)<ref name", "reserves": "increase $50.72 billion (31 December 2017 est.)<ref name", "aid": "ODA $19 billion, 0.2% of GDP (2004)", "cianame": "sf "}, "2019-10-11T14:36:36Z": {"organs": "AU, WTO, BRICS, AfCFTA, G-20, SACU and others", "population": "increase 57,779,622 (2018)", "gdp": ["Increase $742.596 billion (nominal, 2019 est.)<ref name"], "gdp rank": ["32nd (nominal, 2018)", "30th (PPP, 2018)"], "per capita": ["decrease $16,331 (nominal, 2019 est.)<ref name"], "growth": ["0.6% (2016) 1.4% (2017)", "0.8% (2018e) 1.1% (2019f)<ref name"], "sectors": ["agriculture: 2.8%", "industry: 29.7%", "services: 67.5%", "(2017 est.)<ref name"], "inflation": ["4.956% (2019 est.)<ref name"], "poverty": ["increasenegative 55.5% (2014, World Bank)"], "gini": "0.65 red (2014, excluding taxes)<ref name", "hdi": ["increase 0.699 darkorange (2017)"], "labour": ["increase 22,853,583 (2018)"], "occupations": ["agriculture: 4.6%", "industry: 23.5%", "services: 71.9%", "(2014)<ref name"], "youth unemployment": "51.1% (Q4 2017)", "unemployment": "decreasePositive 26.9% (2018)", "edbr": "steady 82nd (2019)", "industries": "mining (world's largest producer of platinum), gold, chromium, automobile manufacturing, metalworking, machinery, textiles, iron and steel, chemicals, fertiliser, foodstuffs, commercial ship repair", "exports": "$108 billion (2017)<ref name", "imports": "$81.9 billion (2017)<ref name", "current account": "decrease \u2212$8.584 billion (2017 est.)<ref name", "FDI": ["increase $156.8 billion (31 December 2017 est.)<ref name"], "debt": "increaseNegative 53% of GDP (2017 est.)<ref name", "revenue": "92.86 billion (2017 est.)<ref name", "expenses": "108.3 billion (2017 est.)<ref name", "balance": "\u22124.4% (of GDP) (2017 est.)<ref name", "reserves": "increase $50.72 billion (31 December 2017 est.)<ref name", "aid": "ODA $19 billion, 0.2% of GDP (2004)", "cianame": "sf "}, "2019-10-12T13:24:11Z": {"organs": "AU, WTO, BRICS, AfCFTA, G-20, SACU and others", "population": "increase 57,779,622 (2018)", "gdp": ["Increase $371.298 billion (nominal, 2019 est.)<ref name"], "gdp rank": ["32nd (nominal, 2018)", "30th (PPP, 2018)"], "per capita": ["decrease $6,331 (nominal, 2019 est.)<ref name"], "growth": ["0.6% (2016) 1.4% (2017)", "0.8% (2018e) 1.1% (2019f)<ref name"], "sectors": ["agriculture: 2.8%", "industry: 29.7%", "services: 67.5%", "(2017 est.)<ref name"], "inflation": ["4.956% (2019 est.)<ref name"], "poverty": ["increasenegative 55.5% (2014, World Bank)"], "gini": "0.65 red (2014, excluding taxes)<ref name", "hdi": ["increase 0.699 darkorange (2017)"], "labour": ["increase 22,853,583 (2018)"], "occupations": ["agriculture: 4.6%", "industry: 23.5%", "services: 71.9%", "(2014)<ref name"], "youth unemployment": "51.1% (Q4 2017)", "unemployment": "decreasePositive 26.9% (2018)", "edbr": "steady 82nd (2019)", "industries": "mining (world's largest producer of platinum), gold, chromium, automobile manufacturing, metalworking, machinery, textiles, iron and steel, chemicals, fertiliser, foodstuffs, commercial ship repair", "exports": "$108 billion (2017)<ref name", "imports": "$81.9 billion (2017)<ref name", "current account": "decrease \u2212$8.584 billion (2017 est.)<ref name", "FDI": ["increase $156.8 billion (31 December 2017 est.)<ref name"], "debt": "increaseNegative 53% of GDP (2017 est.)<ref name", "revenue": "92.86 billion (2017 est.)<ref name", "expenses": "108.3 billion (2017 est.)<ref name", "balance": "\u22124.4% (of GDP) (2017 est.)<ref name", "reserves": "increase $50.72 billion (31 December 2017 est.)<ref name", "aid": "ODA $19 billion, 0.2% of GDP (2004)", "cianame": "sf "}, "2019-10-20T10:14:02Z": {"organs": "AU, WTO, BRICS, AfCFTA, G-20, SACU and others", "population": "increase 57,779,622 (2018)", "gdp": ["Increase $371.298 billion (nominal, 2019 est.)<ref name"], "gdp rank": ["32nd (nominal, 2018)", "30th (PPP, 2018)"], "per capita": ["decrease $6,331 (nominal, 2019 est.)<ref name"], "growth": ["0.6% (2016) 1.4% (2017)", "0.8% (2018e) 1.1% (2019f)<ref name"], "sectors": ["agriculture: 2.8%", "industry: 29.7%", "services: 67.5%", "(2017 est.)<ref name"], "inflation": ["4.956% (2019 est.)<ref name"], "poverty": ["increasenegative 55.5% (2014, World Bank)"], "gini": "0.65 red (2014, excluding taxes)<ref name", "hdi": ["increase 0.699 darkorange (2017)"], "labour": ["increase 22,853,583 (2018)"], "occupations": ["agriculture: 4.6%", "industry: 23.5%", "services: 71.9%", "(2014)<ref name"], "youth unemployment": "51.1% (Q4 2017)", "unemployment": "increaseNegative 28.7% (Q2 2019)", "edbr": "steady 82nd (2019)", "industries": "mining (world's largest producer of platinum), gold, chromium, automobile manufacturing, metalworking, machinery, textiles, iron and steel, chemicals, fertiliser, foodstuffs, commercial ship repair", "exports": "$108 billion (2017)<ref name", "imports": "$81.9 billion (2017)<ref name", "current account": "decrease \u2212$8.584 billion (2017 est.)<ref name", "FDI": ["increase $156.8 billion (31 December 2017 est.)<ref name"], "debt": "increaseNegative 53% of GDP (2017 est.)<ref name", "revenue": "92.86 billion (2017 est.)<ref name", "expenses": "108.3 billion (2017 est.)<ref name", "balance": "\u22124.4% (of GDP) (2017 est.)<ref name", "reserves": "increase $50.72 billion (31 December 2017 est.)<ref name", "aid": "ODA $19 billion, 0.2% of GDP (2004)", "cianame": "sf "}, "2019-10-20T10:18:36Z": {"organs": "AU, WTO, BRICS, AfCFTA, G-20, SACU and others", "population": "increase 57,779,622 (2018)", "gdp": ["decrease $358.839 billion (nominal, 2019 est.)<ref name"], "gdp rank": ["32nd (nominal, 2018)", "30th (PPP, 2018)"], "per capita": ["decrease $6,100 (nominal, 2019 est.)<ref name"], "growth": ["0.6% (2016) 1.4% (2017)", "0.8% (2018e) 1.1% (2019f)<ref name"], "sectors": ["agriculture: 2.8%", "industry: 29.7%", "services: 67.5%", "(2017 est.)<ref name"], "inflation": "4.620% (2018)<ref name", "poverty": ["increasenegative 55.5% (2014, World Bank)"], "gini": "0.65 red (2014, excluding taxes)<ref name", "hdi": ["increase 0.699 darkorange (2017)"], "labour": ["increase 22,853,583 (2018)"], "occupations": ["agriculture: 4.6%", "industry: 23.5%", "services: 71.9%", "(2014)<ref name"], "youth unemployment": "51.1% (Q4 2017)", "unemployment": "increaseNegative 28.7% (Q2 2019)", "edbr": "steady 82nd (2019)", "industries": "mining (world's largest producer of platinum), gold, chromium, automobile manufacturing, metalworking, machinery, textiles, iron and steel, chemicals, fertiliser, foodstuffs, commercial ship repair", "exports": "$108 billion (2017)<ref name", "imports": "$81.9 billion (2017)<ref name", "current account": "decrease \u2212$8.584 billion (2017 est.)<ref name", "FDI": ["increase $156.8 billion (31 December 2017 est.)<ref name"], "debt": "increaseNegative 53% of GDP (2017 est.)<ref name", "revenue": "92.86 billion (2017 est.)<ref name", "expenses": "108.3 billion (2017 est.)<ref name", "balance": "\u22124.4% (of GDP) (2017 est.)<ref name", "reserves": "increase $50.72 billion (31 December 2017 est.)<ref name", "aid": "ODA $19 billion, 0.2% of GDP (2004)", "cianame": "sf "}, "2019-11-03T00:48:48Z": {"organs": "AU, WTO, BRICS, AfCFTA, G-20, SACU and others", "population": "increase 57,779,622 (2018)", "gdp": ["decrease $358.839 billion (nominal, 2019 est.)<ref name"], "gdp rank": ["32nd (nominal, 2018)", "30th (PPP, 2018)"], "per capita": ["decrease $6,100 (nominal, 2019 est.)<ref name"], "growth": ["0.6% (2016) 1.4% (2017)", "0.8% (2018e) 1.1% (2019f)<ref name"], "sectors": ["agriculture: 2.8%", "industry: 29.7%", "services: 67.5%", "(2017 est.)<ref name"], "inflation": "4.620% (2018)<ref name", "poverty": ["increasenegative 55.5% (2014, World Bank)"], "gini": "0.65 red (2014, excluding taxes)<ref name", "hdi": ["increase 0.699 darkorange (2017)"], "labour": ["increase 23,072,331 (2019)"], "occupations": ["agriculture: 4.6%", "industry: 23.5%", "services: 71.9%", "(2014)<ref name"], "youth unemployment": "51.1% (Q4 2017)", "unemployment": "increaseNegative 28.7% (Q2 2019)", "edbr": "steady 82nd (2019)", "industries": "mining (world's largest producer of platinum), gold, chromium, automobile manufacturing, metalworking, machinery, textiles, iron and steel, chemicals, fertiliser, foodstuffs, commercial ship repair", "exports": "$108 billion (2017)<ref name", "imports": "$81.9 billion (2017)<ref name", "current account": "decrease \u2212$8.584 billion (2017 est.)<ref name", "FDI": ["increase $156.8 billion (31 December 2017 est.)<ref name"], "debt": "increaseNegative 53% of GDP (2017 est.)<ref name", "revenue": "92.86 billion (2017 est.)<ref name", "expenses": "108.3 billion (2017 est.)<ref name", "balance": "\u22124.4% (of GDP) (2017 est.)<ref name", "reserves": "increase $50.72 billion (31 December 2017 est.)<ref name", "aid": "ODA $19 billion, 0.2% of GDP (2004)", "cianame": "sf "}, "2019-11-03T00:50:07Z": {"organs": "AU, WTO, BRICS, AfCFTA, G-20, SACU and others", "population": "increase 57,779,622 (2018)", "gdp": ["decrease $358.839 billion (nominal, 2019 est.)<ref name"], "gdp rank": ["32nd (nominal, 2018)", "30th (PPP, 2018)"], "per capita": ["decrease $6,100 (nominal, 2019 est.)<ref name"], "growth": ["0.6% (2016) 1.4% (2017)", "0.8% (2018e) 1.1% (2019f)<ref name"], "sectors": ["agriculture: 2.8%", "industry: 29.7%", "services: 67.5%", "(2017 est.)<ref name"], "inflation": "4.620% (2018)<ref name", "poverty": ["increasenegative 55.5% (2014, World Bank)"], "gini": "0.65 red (2014, excluding taxes)<ref name", "hdi": ["increase 0.699 darkorange (2017)"], "labour": ["increase 23,072,331 (2019)"], "occupations": ["agriculture: 4.6%", "industry: 23.5%", "services: 71.9%", "(2014)<ref name"], "unemployment": "increaseNegative 28.7% (Q2 2019)", "edbr": "decrease 84th (easy, 2020)", "industries": "mining (world's largest producer of platinum), gold, chromium, automobile manufacturing, metalworking, machinery, textiles, iron and steel, chemicals, fertiliser, foodstuffs, commercial ship repair", "exports": "$108 billion (2017)<ref name", "imports": "$81.9 billion (2017)<ref name", "current account": "decrease \u2212$8.584 billion (2017 est.)<ref name", "FDI": ["increase $156.8 billion (31 December 2017 est.)<ref name"], "debt": "increaseNegative 53% of GDP (2017 est.)<ref name", "revenue": "92.86 billion (2017 est.)<ref name", "expenses": "108.3 billion (2017 est.)<ref name", "balance": "\u22124.4% (of GDP) (2017 est.)<ref name", "reserves": "increase $50.72 billion (31 December 2017 est.)<ref name", "aid": "ODA $19 billion, 0.2% of GDP (2004)", "cianame": "sf "}, "2019-11-17T07:55:43Z": {"organs": "AU, WTO, BRICS, AfCFTA, G-20, SACU and others", "population": "increase 57,779,622 (2018)", "gdp": ["decrease $358.839 billion (nominal, 2019 est.)<ref name"], "gdp rank": ["32nd (nominal, 2018)", "30th (PPP, 2018)"], "per capita": ["decrease $6,100 (nominal, 2019 est.)<ref name"], "growth": ["0.6% (2016) 1.4% (2017)", "0.8% (2018e) 1.1% (2019f)<ref name"], "sectors": ["agriculture: 2.8%", "industry: 29.7%", "services: 67.5%", "(2017 est.)<ref name"], "inflation": "4.620% (2018)<ref name", "poverty": ["increasenegative 55.5% (2014, World Bank)"], "gini": "0.65 red (2014, excluding taxes)<ref name", "hdi": ["increase 0.699 darkorange (2017)"], "labour": ["increase 23,072,331 (2019)"], "occupations": ["agriculture: 4.6%", "industry: 23.5%", "services: 71.9%", "(2014)<ref name"], "unemployment": "increaseNegative 28.8% (Q3 2019)", "edbr": "decrease 84th (easy, 2020)", "industries": "mining (world's largest producer of platinum), gold, chromium, automobile manufacturing, metalworking, machinery, textiles, iron and steel, chemicals, fertiliser, foodstuffs, commercial ship repair", "exports": "$108 billion (2017)<ref name", "imports": "$81.9 billion (2017)<ref name", "current account": "decrease \u2212$8.584 billion (2017 est.)<ref name", "FDI": ["increase $156.8 billion (31 December 2017 est.)<ref name"], "debt": "increaseNegative 53% of GDP (2017 est.)<ref name", "revenue": "92.86 billion (2017 est.)<ref name", "expenses": "108.3 billion (2017 est.)<ref name", "balance": "\u22124.4% (of GDP) (2017 est.)<ref name", "reserves": "increase $50.72 billion (31 December 2017 est.)<ref name", "aid": "ODA $19 billion, 0.2% of GDP (2004)", "cianame": "sf "}, "2019-11-17T08:10:03Z": {"organs": "AU, WTO, BRICS, AfCFTA, G-20, SACU and others", "population": "58,775,022 (2019 est.)", "gdp": ["decrease $358.839 billion (nominal, 2019 est.)<ref name"], "gdp rank": ["32nd (nominal, 2018)", "30th (PPP, 2018)"], "per capita": ["decrease $6,100 (nominal, 2019 est.)<ref name"], "growth": ["0.6% (2016) 1.4% (2017)", "0.8% (2018e) 1.1% (2019f)<ref name"], "sectors": ["agriculture: 2.8%", "industry: 29.7%", "services: 67.5%", "(2017 est.)<ref name"], "inflation": "4.620% (2018)<ref name", "poverty": ["increasenegative 55.5% (2014, World Bank)"], "gini": "0.65 red (2014, excluding taxes)<ref name", "hdi": ["increase 0.699 darkorange (2017)"], "labour": ["increase 23,072,331 (2019)"], "occupations": ["agriculture: 4.6%", "industry: 23.5%", "services: 71.9%", "(2014)<ref name"], "unemployment": "increaseNegative 28.8% (Q3 2019)", "edbr": "decrease 84th (easy, 2020)", "industries": "mining (world's largest producer of platinum), gold, chromium, automobile manufacturing, metalworking, machinery, textiles, iron and steel, chemicals, fertiliser, foodstuffs, commercial ship repair", "exports": "$108 billion (2017)<ref name", "imports": "$81.9 billion (2017)<ref name", "current account": "decrease \u2212$8.584 billion (2017 est.)<ref name", "FDI": ["increase $156.8 billion (31 December 2017 est.)<ref name"], "debt": "increaseNegative 53% of GDP (2017 est.)<ref name", "revenue": "92.86 billion (2017 est.)<ref name", "expenses": "108.3 billion (2017 est.)<ref name", "balance": "\u22124.4% (of GDP) (2017 est.)<ref name", "reserves": "increase $50.72 billion (31 December 2017 est.)<ref name", "aid": "ODA $19 billion, 0.2% of GDP (2004)", "cianame": "sf "}, "2019-11-24T16:00:17Z": {"organs": "AU, WTO, BRICS, AfCFTA, G-20, SACU and others", "population": "58,775,022 (2019 est.)", "gdp": ["decrease $717.678 billion (nominal, 2019 est.)<ref name"], "gdp rank": ["32nd (nominal, 2018)", "30th (PPP, 2018)"], "per capita": ["decrease $6,100 (nominal, 2019 est.)<ref name"], "growth": ["0.6% (2016) 1.4% (2017)", "0.8% (2018e) 1.1% (2019f)<ref name"], "sectors": ["agriculture: 2.8%", "industry: 29.7%", "services: 67.5%", "(2017 est.)<ref name"], "inflation": "4.620% (2018)<ref name", "poverty": ["increasenegative 55.5% (2014, World Bank)"], "gini": "0.65 red (2014, excluding taxes)<ref name", "hdi": ["increase 0.699 darkorange (2017)"], "labour": ["increase 23,072,331 (2019)"], "occupations": ["agriculture: 4.6%", "industry: 23.5%", "services: 71.9%", "(2014)<ref name"], "unemployment": "increaseNegative 28.8% (Q3 2019)", "edbr": "decrease 84th (easy, 2020)", "industries": "mining (world's largest producer of platinum), gold, chromium, automobile manufacturing, metalworking, machinery, textiles, iron and steel, chemicals, fertiliser, foodstuffs, commercial ship repair", "exports": "$108 billion (2017)<ref name", "imports": "$81.9 billion (2017)<ref name", "current account": "decrease \u2212$8.584 billion (2017 est.)<ref name", "FDI": ["increase $156.8 billion (31 December 2017 est.)<ref name"], "debt": "increaseNegative 53% of GDP (2017 est.)<ref name", "revenue": "92.86 billion (2017 est.)<ref name", "expenses": "108.3 billion (2017 est.)<ref name", "balance": "\u22124.4% (of GDP) (2017 est.)<ref name", "reserves": "increase $50.72 billion (31 December 2017 est.)<ref name", "aid": "ODA $19 billion, 0.2% of GDP (2004)", "cianame": "sf "}, "2019-11-24T16:01:05Z": {"organs": "AU, WTO, BRICS, AfCFTA, G-20, SACU and others", "population": "58,775,022 (2019 est.)", "gdp": ["decrease $717.678 billion (nominal, 2019 est.)<ref name"], "gdp rank": ["32nd (nominal, 2018)", "30th (PPP, 2018)"], "per capita": ["decrease $16,100 (nominal, 2019 est.)<ref name"], "growth": ["0.6% (2016) 1.4% (2017)", "0.8% (2018e) 1.1% (2019f)<ref name"], "sectors": ["agriculture: 2.8%", "industry: 29.7%", "services: 67.5%", "(2017 est.)<ref name"], "inflation": "4.620% (2018)<ref name", "poverty": ["increasenegative 55.5% (2014, World Bank)"], "gini": "0.65 red (2014, excluding taxes)<ref name", "hdi": ["increase 0.699 darkorange (2017)"], "labour": ["increase 23,072,331 (2019)"], "occupations": ["agriculture: 4.6%", "industry: 23.5%", "services: 71.9%", "(2014)<ref name"], "unemployment": "increaseNegative 28.8% (Q3 2019)", "edbr": "decrease 84th (easy, 2020)", "industries": "mining (world's largest producer of platinum), gold, chromium, automobile manufacturing, metalworking, machinery, textiles, iron and steel, chemicals, fertiliser, foodstuffs, commercial ship repair", "exports": "$108 billion (2017)<ref name", "imports": "$81.9 billion (2017)<ref name", "current account": "decrease \u2212$8.584 billion (2017 est.)<ref name", "FDI": ["increase $156.8 billion (31 December 2017 est.)<ref name"], "debt": "increaseNegative 53% of GDP (2017 est.)<ref name", "revenue": "92.86 billion (2017 est.)<ref name", "expenses": "108.3 billion (2017 est.)<ref name", "balance": "\u22124.4% (of GDP) (2017 est.)<ref name", "reserves": "increase $50.72 billion (31 December 2017 est.)<ref name", "aid": "ODA $19 billion, 0.2% of GDP (2004)", "cianame": "sf "}, "2019-11-24T16:06:36Z": {"organs": "AU, WTO, BRICS, AfCFTA, G-20, SACU and others", "population": "58,775,022 (2019 est.)", "gdp": ["decrease $358.839 billion (nominal, 2019 est.)<ref name"], "gdp rank": ["32nd (nominal, 2018)", "30th (PPP, 2018)"], "per capita": ["decrease $6,100 (nominal, 2019 est.)<ref name"], "growth": ["0.6% (2016) 1.4% (2017)", "0.8% (2018e) 1.1% (2019f)<ref name"], "sectors": ["agriculture: 2.8%", "industry: 29.7%", "services: 67.5%", "(2017 est.)<ref name"], "inflation": "4.620% (2018)<ref name", "poverty": ["increasenegative 55.5% (2014, World Bank)"], "gini": "0.65 red (2014, excluding taxes)<ref name", "hdi": ["increase 0.699 darkorange (2017)"], "labour": ["increase 23,072,331 (2019)"], "occupations": ["agriculture: 4.6%", "industry: 23.5%", "services: 71.9%", "(2014)<ref name"], "unemployment": "increaseNegative 28.8% (Q3 2019)", "edbr": "decrease 84th (easy, 2020)", "industries": "mining (world's largest producer of platinum), gold, chromium, automobile manufacturing, metalworking, machinery, textiles, iron and steel, chemicals, fertiliser, foodstuffs, commercial ship repair", "exports": "$108 billion (2017)<ref name", "imports": "$81.9 billion (2017)<ref name", "current account": "decrease \u2212$8.584 billion (2017 est.)<ref name", "FDI": ["increase $156.8 billion (31 December 2017 est.)<ref name"], "debt": "increaseNegative 53% of GDP (2017 est.)<ref name", "revenue": "92.86 billion (2017 est.)<ref name", "expenses": "108.3 billion (2017 est.)<ref name", "balance": "\u22124.4% (of GDP) (2017 est.)<ref name", "reserves": "increase $50.72 billion (31 December 2017 est.)<ref name", "aid": "ODA $19 billion, 0.2% of GDP (2004)", "cianame": "sf "}, "2019-12-11T20:35:14Z": {"organs": "AU, WTO, BRICS, AfCFTA, G-20, SACU and others", "population": "58,775,022 (2019 est.)", "gdp": ["decrease $358.839 billion (nominal, 2019 est.)<ref name"], "gdp rank": ["32nd (nominal, 2018)", "30th (PPP, 2018)"], "per capita": ["decrease $6,100 (nominal, 2019 est.)<ref name"], "growth": ["0.6% (2016) 1.4% (2017)", "0.8% (2018e) 1.1% (2019f)<ref name"], "sectors": ["agriculture: 2.8%", "industry: 29.7%", "services: 67.5%", "(2017 est.)<ref name"], "inflation": "4.620% (2018)<ref name", "poverty": ["increasenegative 55.5% (2014, World Bank)"], "gini": "0.65 red (2014, excluding taxes)<ref name", "hdi": ["increase 0.705 green (2018)"], "labour": ["increase 23,072,331 (2019)"], "occupations": ["agriculture: 4.6%", "industry: 23.5%", "services: 71.9%", "(2014)<ref name"], "unemployment": "increaseNegative 28.8% (Q3 2019)", "edbr": "decrease 84th (easy, 2020)", "industries": "mining (world's largest producer of platinum), gold, chromium, automobile manufacturing, metalworking, machinery, textiles, iron and steel, chemicals, fertiliser, foodstuffs, commercial ship repair", "exports": "$108 billion (2017)<ref name", "imports": "$81.9 billion (2017)<ref name", "current account": "decrease \u2212$8.584 billion (2017 est.)<ref name", "FDI": ["increase $156.8 billion (31 December 2017 est.)<ref name"], "debt": "increaseNegative 53% of GDP (2017 est.)<ref name", "revenue": "92.86 billion (2017 est.)<ref name", "expenses": "108.3 billion (2017 est.)<ref name", "balance": "\u22124.4% (of GDP) (2017 est.)<ref name", "reserves": "increase $50.72 billion (31 December 2017 est.)<ref name", "aid": "ODA $19 billion, 0.2% of GDP (2004)", "cianame": "sf "}, "2019-12-25T16:06:33Z": {"organs": "AU, WTO, BRICS, AfCFTA, G-20, SACU and others", "population": "58,775,022 (2019 est.)", "gdp": ["decrease $358.839 billion (nominal, 2019 est.)<ref name"], "gdp rank": ["32nd (nominal, 2018)", "30th (PPP, 2018)"], "per capita": ["decrease $6,100 (nominal, 2019 est.)<ref name"], "growth": ["0.6% (2016) 1.4% (2017)", "0.8% (2018e) 1.1% (2019f)<ref name"], "sectors": ["agriculture: 2.8%", "industry: 29.7%", "services: 67.5%", "(2017 est.)<ref name"], "inflation": "4.620% (2018)<ref name", "poverty": ["increasenegative 55.5% (2014, World Bank)"], "gini": "0.63 red (2014)<ref name", "hdi": ["increase 0.705 green (2018)"], "labour": ["increase 23,072,331 (2019)"], "occupations": ["agriculture: 4.6%", "industry: 23.5%", "services: 71.9%", "(2014)<ref name"], "unemployment": "increaseNegative 28.8% (Q3 2019)", "edbr": "decrease 84th (easy, 2020)", "industries": "mining (world's largest producer of platinum), gold, chromium, automobile manufacturing, metalworking, machinery, textiles, iron and steel, chemicals, fertiliser, foodstuffs, commercial ship repair", "exports": "$108 billion (2017)<ref name", "imports": "$81.9 billion (2017)<ref name", "current account": "decrease \u2212$8.584 billion (2017 est.)<ref name", "FDI": ["increase $156.8 billion (31 December 2017 est.)<ref name"], "debt": "increaseNegative 53% of GDP (2017 est.)<ref name", "revenue": "92.86 billion (2017 est.)<ref name", "expenses": "108.3 billion (2017 est.)<ref name", "balance": "\u22124.4% (of GDP) (2017 est.)<ref name", "reserves": "increase $50.72 billion (31 December 2017 est.)<ref name", "aid": "ODA $19 billion, 0.2% of GDP (2004)", "cianame": "sf "}, "2020-01-12T14:51:04Z": {"organs": "AU, WTO, BRICS, AfCFTA, G-20, SACU and others", "population": "58,775,022 (2019 est.)", "gdp": ["decrease $358.839 billion (nominal, 2019 est.)<ref name"], "gdp rank": ["35th (nominal, 2019)", "30th (PPP, 2019)"], "per capita": ["decrease $6,100 (nominal, 2019 est.)<ref name"], "growth": ["0.6% (2016) 1.4% (2017)", "0.8% (2018e) 1.1% (2019f)<ref name"], "sectors": ["agriculture: 2.8%", "industry: 29.7%", "services: 67.5%", "(2017 est.)<ref name"], "inflation": "4.620% (2018)<ref name", "poverty": ["increasenegative 55.5% (2014, World Bank)"], "gini": "0.63 red (2014)<ref name", "hdi": ["increase 0.705 green (2018)"], "labour": ["increase 23,072,331 (2019)"], "occupations": ["agriculture: 4.6%", "industry: 23.5%", "services: 71.9%", "(2014)<ref name"], "unemployment": "increaseNegative 28.8% (Q3 2019)", "edbr": "decrease 84th (easy, 2020)", "industries": "mining (world's largest producer of platinum), gold, chromium, automobile manufacturing, metalworking, machinery, textiles, iron and steel, chemicals, fertiliser, foodstuffs, commercial ship repair", "exports": "$108 billion (2017)<ref name", "imports": "$81.9 billion (2017)<ref name", "current account": "decrease \u2212$8.584 billion (2017 est.)<ref name", "FDI": ["increase $156.8 billion (31 December 2017 est.)<ref name"], "debt": "increaseNegative 53% of GDP (2017 est.)<ref name", "revenue": "92.86 billion (2017 est.)<ref name", "expenses": "108.3 billion (2017 est.)<ref name", "balance": "\u22124.4% (of GDP) (2017 est.)<ref name", "reserves": "increase $50.72 billion (31 December 2017 est.)<ref name", "aid": "ODA $19 billion, 0.2% of GDP (2004)", "cianame": "sf "}, "2020-01-12T14:53:06Z": {"organs": "AU, WTO, BRICS, AfCFTA, G-20, SACU and others", "population": "58,775,022 (2019 est.)", "gdp": ["decrease $358.839 billion (nominal, 2019 est.)<ref name"], "gdp rank": ["35th (nominal, 2019)", "30th (PPP, 2019)"], "per capita": ["decrease $6,100 (nominal, 2019 est.)<ref name"], "growth": ["1.4% (2017) 0.8% (2018)", "0.4% (2019e) 0.9% (2020f)<ref name"], "page": "147", "sectors": ["agriculture: 2.8%", "industry: 29.7%", "services: 67.5%", "(2017 est.)<ref name"], "inflation": "4.620% (2018)<ref name", "poverty": ["increasenegative 55.5% (2014, World Bank)"], "gini": "0.63 red (2014)<ref name", "hdi": ["increase 0.705 green (2018)"], "labour": ["increase 23,072,331 (2019)"], "occupations": ["agriculture: 4.6%", "industry: 23.5%", "services: 71.9%", "(2014)<ref name"], "unemployment": "increaseNegative 28.8% (Q3 2019)", "edbr": "decrease 84th (easy, 2020)", "industries": "mining (world's largest producer of platinum), gold, chromium, automobile manufacturing, metalworking, machinery, textiles, iron and steel, chemicals, fertiliser, foodstuffs, commercial ship repair", "exports": "$108 billion (2017)<ref name", "imports": "$81.9 billion (2017)<ref name", "current account": "decrease \u2212$8.584 billion (2017 est.)<ref name", "FDI": ["increase $156.8 billion (31 December 2017 est.)<ref name"], "debt": "increaseNegative 53% of GDP (2017 est.)<ref name", "revenue": "92.86 billion (2017 est.)<ref name", "expenses": "108.3 billion (2017 est.)<ref name", "balance": "\u22124.4% (of GDP) (2017 est.)<ref name", "reserves": "increase $50.72 billion (31 December 2017 est.)<ref name", "aid": "ODA $19 billion, 0.2% of GDP (2004)", "cianame": "sf "}, "2020-02-06T16:43:57Z": {"organs": "AU, WTO, BRICS, AfCFTA, G-20, SACU and others", "population": "58,775,022 (2019 est.)", "gdp": ["decrease $358.839 billion (nominal, 2019 est.)<ref name"], "gdp rank": ["35th (nominal, 2019)", "30th (PPP, 2019)"], "per capita": ["decrease $6,100 (nominal, 2019 est.)<ref name"], "growth": ["1.4% (2017) 0.8% (2018)", "0.4% (2019e) 0.9% (2020f)<ref name"], "page": "147", "sectors": ["agriculture: 2.8%", "industry: 29.7%", "services: 67.5%", "(2017 est.)<ref name"], "inflation": "5.2% (2020 est.)<ref name", "poverty": ["increasenegative 55.5% (2014, World Bank)"], "gini": "0.63 red (2014)<ref name", "hdi": ["increase 0.705 green (2018)"], "labour": ["increase 23,072,331 (2019)"], "occupations": ["agriculture: 4.6%", "industry: 23.5%", "services: 71.9%", "(2014)<ref name"], "unemployment": "increaseNegative 28.8% (Q3 2019)", "edbr": "decrease 84th (easy, 2020)", "industries": "mining (world's largest producer of platinum), gold, chromium, automobile manufacturing, metalworking, machinery, textiles, iron and steel, chemicals, fertiliser, foodstuffs, commercial ship repair", "exports": "$108 billion (2017)<ref name", "imports": "$81.9 billion (2017)<ref name", "current account": "decrease \u2212$8.584 billion (2017 est.)<ref name", "FDI": ["increase $156.8 billion (31 December 2017 est.)<ref name"], "debt": "increaseNegative 53% of GDP (2017 est.)<ref name", "revenue": "92.86 billion (2017 est.)<ref name", "expenses": "108.3 billion (2017 est.)<ref name", "balance": "\u22124.4% (of GDP) (2017 est.)<ref name", "reserves": "increase $50.72 billion (31 December 2017 est.)<ref name", "aid": "ODA $19 billion, 0.2% of GDP (2004)", "cianame": "sf "}, "2020-03-13T18:15:41Z": {"organs": "AU, WTO, BRICS, AfCFTA, G-20, SACU and others", "population": "58,775,022 (2019 est.)", "gdp": ["decrease $358.839 billion (nominal, 2019 est.)<ref name"], "gdp rank": ["35th (nominal, 2019)", "30th (PPP, 2019)"], "per capita": ["decrease $6,100 (nominal, 2019 est.)<ref name"], "growth": ["1.4% (2017) 0.8% (2018)", "0.4% (2019e) 0.9% (2020f)<ref name"], "page": "147", "sectors": ["agriculture: 2.8%", "industry: 29.7%", "services: 67.5%", "(2017 est.)<ref name"], "inflation": "5.2% (2020 est.)<ref name", "poverty": ["increasenegative 55.5% (2014, World Bank)"], "gini": "0.63 red (2014)<ref name", "hdi": ["increase 0.705 green (2018)"], "labour": ["increase 23,072,331 (2019)"], "occupations": ["agriculture: 4.6%", "industry: 23.5%", "services: 71.9%", "(2014)<ref name"], "unemployment": ["increaseNegative 29.8% (Q4, 2019)"], "edbr": "decrease 84th (easy, 2020)", "industries": "mining (world's largest producer of platinum), gold, chromium, automobile manufacturing, metalworking, machinery, textiles, iron and steel, chemicals, fertiliser, foodstuffs, commercial ship repair", "exports": "$108 billion (2017)<ref name", "imports": "$81.9 billion (2017)<ref name", "current account": "decrease \u2212$8.584 billion (2017 est.)<ref name", "FDI": ["increase $156.8 billion (31 December 2017 est.)<ref name"], "debt": "increaseNegative 53% of GDP (2017 est.)<ref name", "revenue": "92.86 billion (2017 est.)<ref name", "expenses": "108.3 billion (2017 est.)<ref name", "balance": "\u22124.4% (of GDP) (2017 est.)<ref name", "reserves": "increase $50.72 billion (31 December 2017 est.)<ref name", "aid": "ODA $19 billion, 0.2% of GDP (2004)", "cianame": "sf "}, "2020-04-15T09:45:05Z": {"organs": "AU, WTO, BRICS, AfCFTA, G-20, SACU and others", "population": "58,775,022 (2019 est.)", "gdp": ["decrease $358.839 billion (nominal, 2019 est.)<ref name"], "gdp rank": ["35th (nominal, 2019)", "30th (PPP, 2019)"], "per capita": ["decrease $6,100 (nominal, 2019 est.)<ref name"], "growth": ["0.8% (2018) 0.2% (2019)", "\u22125.8% (2020e) 4.0% (2021e)<ref name"], "sectors": ["agriculture: 2.8%", "industry: 29.7%", "services: 67.5%", "(2017 est.)<ref name"], "inflation": "2.4% (2020 est.)<ref name", "poverty": ["increasenegative 55.5% (2014, World Bank)"], "gini": "0.63 red (2014)<ref name", "hdi": ["increase 0.705 green (2018)"], "labour": ["increase 23,072,331 (2019)"], "occupations": ["agriculture: 4.6%", "industry: 23.5%", "services: 71.9%", "(2014)<ref name"], "unemployment": ["increaseNegative 29.8% (Q4, 2019)"], "edbr": "decrease 84th (easy, 2020)", "industries": "mining (world's largest producer of platinum), gold, chromium, automobile manufacturing, metalworking, machinery, textiles, iron and steel, chemicals, fertiliser, foodstuffs, commercial ship repair", "exports": "$108 billion (2017)<ref name", "imports": "$81.9 billion (2017)<ref name", "current account": "decrease \u2212$8.584 billion (2017 est.)<ref name", "FDI": ["increase $156.8 billion (31 December 2017 est.)<ref name"], "debt": "increaseNegative 53% of GDP (2017 est.)<ref name", "revenue": "92.86 billion (2017 est.)<ref name", "expenses": "108.3 billion (2017 est.)<ref name", "balance": "\u22124.4% (of GDP) (2017 est.)<ref name", "reserves": "increase $50.72 billion (31 December 2017 est.)<ref name", "aid": "ODA $19 billion, 0.2% of GDP (2004)", "cianame": "sf "}, "2020-05-17T16:03:00Z": {"organs": "AU, WTO, BRICS, AfCFTA, G-20, SACU and others", "population": "58,775,022 (2019 est.)", "gdp": ["decrease $358.839 billion (nominal, 2019 est.)<ref name"], "gdp rank": ["35th (nominal, 2019)", "32nd (PPP, 2020)"], "per capita": ["decrease $6,100 (nominal, 2019 est.)<ref name"], "growth": ["0.8% (2018) 0.2% (2019)", "\u22125.8% (2020e) 4.0% (2021e)<ref name"], "sectors": ["agriculture: 2.8%", "industry: 29.7%", "services: 67.5%", "(2017 est.)<ref name"], "inflation": "2.4% (2020 est.)<ref name", "poverty": ["increasenegative 55.5% (2014, World Bank)"], "gini": "0.63 red (2014)<ref name", "hdi": ["increase 0.705 green (2018)"], "labour": ["increase 23,072,331 (2019)"], "occupations": ["agriculture: 4.6%", "industry: 23.5%", "services: 71.9%", "(2014)<ref name"], "unemployment": ["increaseNegative 29.8% (Q4, 2019)"], "edbr": "decrease 84th (easy, 2020)", "industries": "mining (world's largest producer of platinum), gold, chromium, automobile manufacturing, metalworking, machinery, textiles, iron and steel, chemicals, fertiliser, foodstuffs, commercial ship repair", "exports": "$108 billion (2017)<ref name", "imports": "$81.9 billion (2017)<ref name", "current account": "decrease \u2212$8.584 billion (2017 est.)<ref name", "FDI": ["increase $156.8 billion (31 December 2017 est.)<ref name"], "debt": "increaseNegative 53% of GDP (2017 est.)<ref name", "revenue": "92.86 billion (2017 est.)<ref name", "expenses": "108.3 billion (2017 est.)<ref name", "balance": "\u22124.4% (of GDP) (2017 est.)<ref name", "reserves": "increase $50.72 billion (31 December 2017 est.)<ref name", "aid": "ODA $19 billion, 0.2% of GDP (2004)", "cianame": "sf "}, "2020-05-20T00:16:42Z": {"organs": "AU, WTO, BRICS, AfCFTA, G-20, SACU and others", "population": "58,775,022 (2019 est.)", "gdp": ["decrease $385.839 billion (nominal, 2019 est.)<ref name"], "gdp rank": ["35th (nominal, 2019)", "32nd (PPP, 2020)"], "per capita": ["decrease $6,100 (nominal, 2019 est.)<ref name"], "growth": ["0.8% (2018) 0.2% (2019)", "\u22125.8% (2020e) 4.0% (2021e)<ref name"], "sectors": ["agriculture: 2.8%", "industry: 29.7%", "services: 67.5%", "(2017 est.)<ref name"], "inflation": "2.4% (2020 est.)<ref name", "poverty": ["increasenegative 55.5% (2014, World Bank)"], "gini": "0.63 red (2014)<ref name", "hdi": ["increase 0.705 green (2018)"], "labour": ["increase 23,072,331 (2019)"], "occupations": ["agriculture: 4.6%", "industry: 23.5%", "services: 71.9%", "(2014)<ref name"], "unemployment": ["increaseNegative 29.8% (Q4, 2019)"], "edbr": "decrease 84th (easy, 2020)", "industries": "mining (world's largest producer of platinum), gold, chromium, automobile manufacturing, metalworking, machinery, textiles, iron and steel, chemicals, fertiliser, foodstuffs, commercial ship repair", "exports": "$108 billion (2017)<ref name", "imports": "$81.9 billion (2017)<ref name", "current account": "decrease \u2212$8.584 billion (2017 est.)<ref name", "FDI": ["increase $156.8 billion (31 December 2017 est.)<ref name"], "debt": "increaseNegative 53% of GDP (2017 est.)<ref name", "revenue": "92.86 billion (2017 est.)<ref name", "expenses": "108.3 billion (2017 est.)<ref name", "balance": "\u22124.4% (of GDP) (2017 est.)<ref name", "reserves": "increase $50.72 billion (31 December 2017 est.)<ref name", "aid": "ODA $19 billion, 0.2% of GDP (2004)", "cianame": "sf "}, "2020-05-20T00:23:29Z": {"organs": "AU, WTO, BRICS, AfCFTA, G-20, SACU and others", "population": "58,775,022 (2019 est.)", "gdp": ["decrease $358.839 billion (nominal, 2019 est.)<ref name"], "gdp rank": ["35th (nominal, 2019)", "32nd (PPP, 2020)"], "per capita": ["decrease $6,100 (nominal, 2019 est.)<ref name"], "growth": ["0.8% (2018) 0.2% (2019)", "\u22125.8% (2020e) 4.0% (2021e)<ref name"], "sectors": ["agriculture: 2.8%", "industry: 29.7%", "services: 67.5%", "(2017 est.)<ref name"], "inflation": "2.4% (2020 est.)<ref name", "poverty": ["increasenegative 55.5% (2014, World Bank)"], "gini": "0.63 red (2014)<ref name", "hdi": ["increase 0.705 green (2018)"], "labour": ["increase 23,072,331 (2019)"], "occupations": ["agriculture: 4.6%", "industry: 23.5%", "services: 71.9%", "(2014)<ref name"], "unemployment": ["increaseNegative 29.8% (Q4, 2019)"], "edbr": "decrease 84th (easy, 2020)", "industries": "mining (world's largest producer of platinum), gold, chromium, automobile manufacturing, metalworking, machinery, textiles, iron and steel, chemicals, fertiliser, foodstuffs, commercial ship repair", "exports": "$108 billion (2017)<ref name", "imports": "$81.9 billion (2017)<ref name", "current account": "decrease \u2212$8.584 billion (2017 est.)<ref name", "FDI": ["increase $156.8 billion (31 December 2017 est.)<ref name"], "debt": "increaseNegative 53% of GDP (2017 est.)<ref name", "revenue": "92.86 billion (2017 est.)<ref name", "expenses": "108.3 billion (2017 est.)<ref name", "balance": "\u22124.4% (of GDP) (2017 est.)<ref name", "reserves": "increase $50.72 billion (31 December 2017 est.)<ref name", "aid": "ODA $19 billion, 0.2% of GDP (2004)", "cianame": "sf "}, "2020-06-22T02:49:59Z": {"organs": "AU, WTO, BRICS, AfCFTA, G-20, SACU and others", "population": "58,775,022 (2019 est.)", "gdp": ["decrease $358.839 billion (nominal, 2019 est.)<ref name"], "gdp rank": ["35th (nominal, 2019)", "32nd (PPP, 2020)"], "per capita": ["decrease $6,100 (nominal, 2019 est.)<ref name"], "growth": ["0.8% (2018) 0.2% (2019e)", "\u22127.1% (2020f) 2.9% (2021f)"], "page": "105", "sectors": ["agriculture: 2.8%", "industry: 29.7%", "services: 67.5%", "(2017 est.)<ref name"], "inflation": "2.4% (2020 est.)<ref name", "poverty": ["increasenegative 55.5% (2014, World Bank)"], "gini": "0.63 red (2014)<ref name", "hdi": ["increase 0.705 green (2018)"], "labour": ["increase 23,072,331 (2019)"], "occupations": ["agriculture: 4.6%", "industry: 23.5%", "services: 71.9%", "(2014)<ref name"], "unemployment": ["increaseNegative 29.8% (Q4, 2019)"], "edbr": "decrease 84th (easy, 2020)", "industries": "mining (world's largest producer of platinum), gold, chromium, automobile manufacturing, metalworking, machinery, textiles, iron and steel, chemicals, fertiliser, foodstuffs, commercial ship repair", "exports": "$108 billion (2017)<ref name", "imports": "$81.9 billion (2017)<ref name", "current account": "decrease \u2212$8.584 billion (2017 est.)<ref name", "FDI": ["increase $156.8 billion (31 December 2017 est.)<ref name"], "debt": "increaseNegative 53% of GDP (2017 est.)<ref name", "revenue": "92.86 billion (2017 est.)<ref name", "expenses": "108.3 billion (2017 est.)<ref name", "balance": "\u22124.4% (of GDP) (2017 est.)<ref name", "reserves": "increase $50.72 billion (31 December 2017 est.)<ref name", "aid": "ODA $19 billion, 0.2% of GDP (2004)", "cianame": "sf "}, "2020-07-01T01:01:46Z": {"organs": "AU, WTO, BRICS, AfCFTA, G-20, SACU and others", "population": "58,775,022 (2019 est.)", "gdp": ["decrease $358.839 billion (nominal, 2019 est.)<ref name"], "gdp rank": ["35th (nominal, 2019)", "32nd (PPP, 2020)"], "per capita": ["decrease $6,100 (nominal, 2019 est.)<ref name"], "growth": ["0.8% (2018) 0.2% (2019e)", "\u22127.1% (2020f) 2.9% (2021f)"], "page": "105", "sectors": ["agriculture: 2.8%", "industry: 29.7%", "services: 67.5%", "(2017 est.)<ref name"], "inflation": "2.4% (2020 est.)<ref name", "poverty": ["increasenegative 55.5% (2014, World Bank)"], "gini": "0.63 red (2014)<ref name", "hdi": ["increase 0.705 green (2018)"], "labour": ["increase 23,072,331 (2019)"], "occupations": ["agriculture: 4.6%", "industry: 23.5%", "services: 71.9%", "(2014)<ref name"], "unemployment": ["increaseNegative 30.1% (Q1, 2020)"], "edbr": "decrease 84th (easy, 2020)", "industries": "mining (world's largest producer of platinum), gold, chromium, automobile manufacturing, metalworking, machinery, textiles, iron and steel, chemicals, fertiliser, foodstuffs, commercial ship repair", "exports": "$108 billion (2017)<ref name", "imports": "$81.9 billion (2017)<ref name", "current account": "decrease \u2212$8.584 billion (2017 est.)<ref name", "FDI": ["increase $156.8 billion (31 December 2017 est.)<ref name"], "debt": "increaseNegative 53% of GDP (2017 est.)<ref name", "revenue": "92.86 billion (2017 est.)<ref name", "expenses": "108.3 billion (2017 est.)<ref name", "balance": "\u22124.4% (of GDP) (2017 est.)<ref name", "reserves": "increase $50.72 billion (31 December 2017 est.)<ref name", "aid": "ODA $19 billion, 0.2% of GDP (2004)", "cianame": "sf "}, "2020-07-01T01:03:13Z": {"organs": "AU, WTO, BRICS, AfCFTA, G-20, SACU and others", "population": "58,775,022 (2019 est.)", "gdp": ["decrease $358.839 billion (nominal, 2019 est.)<ref name"], "gdp rank": ["35th (nominal, 2019)", "32nd (PPP, 2020)"], "per capita": ["decrease $6,100 (nominal, 2019 est.)<ref name"], "growth": ["0.8% (2018) 0.2% (2019e)", "\u22127.1% (2020f) 2.9% (2021f)"], "page": "105", "sectors": ["agriculture: 2.8%", "industry: 29.7%", "services: 67.5%", "(2017 est.)<ref name"], "inflation": "2.4% (2020 est.)<ref name", "poverty": ["increasenegative 55.5% (2014, World Bank)"], "gini": "0.63 red (2014)<ref name", "hdi": ["increase 0.705 green (2018)"], "labour": ["increase 23,072,331 (2019)"], "occupations": ["agriculture: 4.6%", "industry: 23.5%", "services: 71.9%", "(2014)<ref name"], "unemployment": ["increaseNegative 29.8% (Q4, 2019)"], "edbr": "decrease 84th (easy, 2020)", "industries": "mining (world's largest producer of platinum), gold, chromium, automobile manufacturing, metalworking, machinery, textiles, iron and steel, chemicals, fertiliser, foodstuffs, commercial ship repair", "exports": "$108 billion (2017)<ref name", "imports": "$81.9 billion (2017)<ref name", "current account": "decrease \u2212$8.584 billion (2017 est.)<ref name", "FDI": ["increase $156.8 billion (31 December 2017 est.)<ref name"], "debt": "increaseNegative 53% of GDP (2017 est.)<ref name", "revenue": "92.86 billion (2017 est.)<ref name", "expenses": "108.3 billion (2017 est.)<ref name", "balance": "\u22124.4% (of GDP) (2017 est.)<ref name", "reserves": "increase $50.72 billion (31 December 2017 est.)<ref name", "aid": "ODA $19 billion, 0.2% of GDP (2004)", "cianame": "sf "}, "2020-08-10T23:58:51Z": {"organs": "AU, WTO, BRICS, AfCFTA, G-20, SACU and others", "population": "58,775,022 (2019 est.)", "gdp": ["decrease $358.839 billion (nominal, 2019 est.)<ref name"], "gdp rank": ["35th (nominal, 2019)", "32nd (PPP, 2020)"], "per capita": ["decrease $6,100 (nominal, 2019 est.)<ref name"], "growth": ["0.8% (2018) 0.2% (2019e)", "\u22128.0% (2020f) 3.5% (2021f)"], "sectors": ["agriculture: 2.8%", "industry: 29.7%", "services: 67.5%", "(2017 est.)<ref name"], "inflation": "2.4% (2020 est.)<ref name", "poverty": ["increasenegative 55.5% (2014, World Bank)"], "gini": "0.63 red (2014)<ref name", "hdi": ["increase 0.705 green (2018)"], "labour": ["increase 23,072,331 (2019)"], "occupations": ["agriculture: 4.6%", "industry: 23.5%", "services: 71.9%", "(2014)<ref name"], "unemployment": ["increaseNegative 29.8% (Q4, 2019)"], "edbr": "decrease 84th (easy, 2020)", "industries": "mining (world's largest producer of platinum), gold, chromium, automobile manufacturing, metalworking, machinery, textiles, iron and steel, chemicals, fertiliser, foodstuffs, commercial ship repair", "exports": "$108 billion (2017)<ref name", "imports": "$81.9 billion (2017)<ref name", "current account": "decrease \u2212$8.584 billion (2017 est.)<ref name", "FDI": ["increase $156.8 billion (31 December 2017 est.)<ref name"], "debt": "increaseNegative 53% of GDP (2017 est.)<ref name", "revenue": "92.86 billion (2017 est.)<ref name", "expenses": "108.3 billion (2017 est.)<ref name", "balance": "\u22124.4% (of GDP) (2017 est.)<ref name", "reserves": "increase $50.72 billion (31 December 2017 est.)<ref name", "aid": "ODA $19 billion, 0.2% of GDP (2004)", "cianame": "sf "}, "2020-08-14T00:22:54Z": {"organs": "AU, WTO, BRICS, AfCFTA, G-20, SACU and others", "population": "58,775,022 (2019 est.)", "gdp": ["decrease $358.839 billion (nominal, 2019 est.)<ref name"], "gdp rank": ["35th (nominal, 2019)", "32nd (PPP, 2020)"], "per capita": ["decrease $6,100 (nominal, 2019 est.)<ref name"], "growth": ["0.8% (2018) 0.2% (2019e)", "\u22128.0% (2020f) 3.5% (2021f)"], "sectors": ["agriculture: 2.8%", "industry: 29.7%", "services: 67.5%", "(2017 est.)<ref name"], "inflation": "2.4% (2020 est.)<ref name", "poverty": ["increasenegative 55.5% (2014, World Bank)"], "gini": "0.63 red (2014)<ref name", "hdi": ["increase 0.705 green (2018)"], "labour": ["increase 23,072,331 (2019)"], "occupations": ["agriculture: 4.6%", "industry: 23.5%", "services: 71.9%", "(2014)<ref name"], "unemployment": ["increaseNegative 29.8% (Q4, 2019)"], "edbr": "decrease 84th (easy, 2020)", "industries": "mining (world's largest producer of platinum, gold, chromium), automobile manufacturing, metalworking, technology, machinery, textiles, iron and steel, chemicals, fertiliser, foodstuffs, manufacturing, commercial ship repair", "exports": "$108 billion (2017)<ref name", "imports": "$81.9 billion (2017)<ref name", "current account": "decrease \u2212$8.584 billion (2017 est.)<ref name", "FDI": ["increase $156.8 billion (31 December 2017 est.)<ref name"], "debt": "increaseNegative 53% of GDP (2017 est.)<ref name", "revenue": "92.86 billion (2017 est.)<ref name", "expenses": "108.3 billion (2017 est.)<ref name", "balance": "\u22124.4% (of GDP) (2017 est.)<ref name", "reserves": "increase $50.72 billion (31 December 2017 est.)<ref name", "aid": "ODA $19 billion, 0.2% of GDP (2004)", "cianame": "sf "}, "2020-08-15T18:05:43Z": {"organs": "AU, WTO, BRICS, AfCFTA, G-20, SACU and others", "population": "58,775,022 (2019 est.)", "gdp": ["decrease $358.839 billion (nominal, 2019 est.)<ref name"], "gdp rank": ["35th (nominal, 2019)", "32nd (PPP, 2020)"], "per capita": ["decrease $6,100 (nominal, 2019 est.)<ref name"], "growth": ["0.8% (2018) 0.2% (2019e)", "\u22128.0% (2020f) 3.5% (2021f)"], "sectors": ["agriculture: 2.8%", "industry: 29.7%", "services: 67.5%", "(2017 est.)<ref name"], "inflation": "2.4% (2020 est.)<ref name", "poverty": ["increasenegative 55.5% (2014, World Bank)"], "gini": "0.63 red (2014)<ref name", "hdi": ["increase 0.705 green (2018)"], "labour": ["increase 23,072,331 (2019)"], "occupations": ["agriculture: 4.6%", "industry: 23.5%", "services: 71.9%", "(2014)<ref name"], "unemployment": ["increaseNegative 29.8% (Q4, 2019)"], "edbr": "decrease 84th (easy, 2020)", "industries": "mining (world's largest producer of platinum group metals, gold, chromium), automobile manufacturing, metalworking, technology, machinery, textiles, iron and steel, IT, chemicals, fertiliser, foodstuffs, manufacturing, commercial ship repair.", "exports": "$108 billion (2017)<ref name", "imports": "$81.9 billion (2017)<ref name", "current account": "decrease \u2212$8.584 billion (2017 est.)<ref name", "FDI": ["increase $156.8 billion (31 December 2017 est.)<ref name"], "debt": "increaseNegative 53% of GDP (2017 est.)<ref name", "revenue": "92.86 billion (2017 est.)<ref name", "expenses": "108.3 billion (2017 est.)<ref name", "balance": "\u22124.4% (of GDP) (2017 est.)<ref name", "reserves": "increase $50.72 billion (31 December 2017 est.)<ref name", "aid": "ODA $19 billion, 0.2% of GDP (2004)", "cianame": "sf "}, "2020-09-17T17:59:46Z": {"organs": "AU, WTO, BRICS, AfCFTA, G-20, SACU and others", "population": "58,775,022 (2019 est.)", "gdp": ["decrease $358.839 billion (nominal, 2019 est.)<ref name"], "gdp rank": ["35th (nominal, 2019)", "32nd (PPP, 2020)"], "per capita": ["decrease $6,100 (nominal, 2019 est.)<ref name"], "growth": ["0.8% (2018) 0.2% (2019e)", "\u22128.0% (2020f) 3.5% (2021f)"], "sectors": ["agriculture: 2.8%", "industry: 29.7%", "services: 67.5%", "(2017 est.)<ref name"], "inflation": "2.4% (2020 est.)<ref name", "poverty": ["increasenegative 55.5% (2014, World Bank)"], "gini": "63.0 red (2015)<ref name", "hdi": ["increase 0.705 green (2018)"], "labour": ["increase 23,072,331 (2019)"], "occupations": ["agriculture: 4.6%", "industry: 23.5%", "services: 71.9%", "(2014)<ref name"], "unemployment": ["increaseNegative 29.8% (Q4, 2019)"], "edbr": "decrease 84th (easy, 2020)", "industries": "mining (world's largest producer of platinum group metals, gold, chromium), automobile manufacturing, metalworking, technology, machinery, textiles, iron and steel, IT, chemicals, fertiliser, foodstuffs, manufacturing, commercial ship repair.", "exports": "$108 billion (2017)<ref name", "imports": "$81.9 billion (2017)<ref name", "current account": "decrease \u2212$8.584 billion (2017 est.)<ref name", "FDI": ["increase $156.8 billion (31 December 2017 est.)<ref name"], "debt": "increaseNegative 53% of GDP (2017 est.)<ref name", "revenue": "92.86 billion (2017 est.)<ref name", "expenses": "108.3 billion (2017 est.)<ref name", "balance": "\u22124.4% (of GDP) (2017 est.)<ref name", "reserves": "increase $50.72 billion (31 December 2017 est.)<ref name", "aid": "ODA $19 billion, 0.2% of GDP (2004)", "cianame": "sf "}, "2020-09-17T18:05:16Z": {"organs": "AU, WTO, BRICS, AfCFTA, G-20, SACU and others", "population": "58,775,022 (2019 est.)", "gdp": ["decrease $359 billion (nominal, 2019 est.)<ref name"], "gdp rank": ["35th (nominal, 2019)", "32nd (PPP, 2020)"], "per capita": ["decrease $6,100 (nominal, 2019 est.)<ref name"], "growth": ["0.8% (2018) 0.2% (2019e)", "\u22128.0% (2020f) 3.5% (2021f)"], "sectors": ["agriculture: 2.8%", "industry: 29.7%", "services: 67.5%", "(2017 est.)<ref name"], "inflation": "2.4% (2020 est.)<ref name", "poverty": ["increasenegative 55.5% (2014, World Bank)"], "gini": "63.0 red (2015)<ref name", "hdi": ["increase 0.705 green (2018)"], "labour": ["increase 23,072,331 (2019)"], "occupations": ["agriculture: 4.6%", "industry: 23.5%", "services: 71.9%", "(2014)<ref name"], "unemployment": ["increaseNegative 29.8% (Q4, 2019)"], "edbr": "decrease 84th (easy, 2020)", "industries": "mining (world's largest producer of platinum group metals, gold, chromium), automobile manufacturing, metalworking, technology, machinery, textiles, iron and steel, IT, chemicals, fertiliser, foodstuffs, manufacturing, commercial ship repair.", "exports": "$108 billion (2017)<ref name", "imports": "$81.9 billion (2017)<ref name", "current account": "decrease \u2212$8.584 billion (2017 est.)<ref name", "FDI": ["increase $156.8 billion (31 December 2017 est.)<ref name"], "debt": "increaseNegative 53% of GDP (2017 est.)<ref name", "revenue": "92.86 billion (2017 est.)<ref name", "expenses": "108.3 billion (2017 est.)<ref name", "balance": "\u22124.4% (of GDP) (2017 est.)<ref name", "reserves": "increase $50.72 billion (31 December 2017 est.)<ref name", "aid": "ODA $19 billion, 0.2% of GDP (2004)", "cianame": "sf "}, "2020-10-20T04:07:30Z": {"organs": "AU, WTO, BRICS, AfCFTA, G-20, SACU and others", "population": "58,775,022 (2019 est.)", "gdp": ["decrease $283 billion (nominal, 2020 est.)<ref name"], "gdp rank": ["35th (nominal, 2019)", "32nd (PPP, 2020)"], "per capita": ["decrease $4,736 (nominal, 2020 est.)<ref name"], "growth": ["0.8% (2018) 0.2% (2019e)", "\u22128.0% (2020f) 3.5% (2021f)"], "sectors": ["agriculture: 2.8%", "industry: 29.7%", "services: 67.5%", "(2017 est.)<ref name"], "inflation": "3.3% (2020 est.)<ref name", "poverty": ["increasenegative 55.5% (2014, World Bank)"], "gini": "63.0 red (2015)<ref name", "hdi": ["increase 0.705 green (2018)"], "labour": ["increase 23,072,331 (2019)"], "occupations": ["agriculture: 4.6%", "industry: 23.5%", "services: 71.9%", "(2014)<ref name"], "unemployment": ["increaseNegative 29.8% (Q4, 2019)"], "edbr": "decrease 84th (easy, 2020)", "industries": "mining (world's largest producer of platinum group metals, gold, chromium), automobile manufacturing, metalworking, technology, machinery, textiles, iron and steel, IT, chemicals, fertiliser, foodstuffs, manufacturing, commercial ship repair.", "exports": "$108 billion (2017)<ref name", "imports": "$81.9 billion (2017)<ref name", "current account": "decrease \u2212$8.584 billion (2017 est.)<ref name", "FDI": ["increase $156.8 billion (31 December 2017 est.)<ref name"], "debt": "increaseNegative 53% of GDP (2017 est.)<ref name", "revenue": "92.86 billion (2017 est.)<ref name", "expenses": "108.3 billion (2017 est.)<ref name", "balance": "\u22124.4% (of GDP) (2017 est.)<ref name", "reserves": "increase $50.72 billion (31 December 2017 est.)<ref name", "aid": "ODA $19 billion, 0.2% of GDP (2004)", "cianame": "sf "}, "2020-12-30T19:25:03Z": {"organs": "AU, WTO, BRICS, AfCFTA, G-20, SACU and others", "population": "59,308,690 (2020 est.)", "gdp": ["decrease $283 billion (nominal, 2020 est.)<ref name"], "gdp rank": ["35th (nominal, 2019)", "32nd (PPP, 2020)"], "per capita": ["decrease $4,736 (nominal, 2020 est.)<ref name"], "growth": ["0.8% (2018) 0.2% (2019e)", "\u22128.0% (2020f) 3.5% (2021f)"], "sectors": ["agriculture: 2.8%", "industry: 29.7%", "services: 67.5%", "(2017 est.)<ref name"], "inflation": "3.3% (2020 est.)<ref name", "poverty": ["increasenegative 55.5% (2014, World Bank)"], "gini": "63.0 red (2015)<ref name", "hdi": ["increase 0.705 green (2018)"], "labour": ["increase 23,072,331 (2019)"], "occupations": ["agriculture: 4.6%", "industry: 23.5%", "services: 71.9%", "(2014)<ref name"], "unemployment": ["increaseNegative 29.8% (Q4, 2019)"], "edbr": "decrease 84th (easy, 2020)", "industries": "mining (world's largest producer of platinum group metals, gold, chromium), automobile manufacturing, metalworking, technology, machinery, textiles, iron and steel, IT, chemicals, fertiliser, foodstuffs, manufacturing, commercial ship repair.", "exports": "$108 billion (2017)<ref name", "imports": "$81.9 billion (2017)<ref name", "current account": "decrease \u2212$8.584 billion (2017 est.)<ref name", "FDI": ["increase $156.8 billion (31 December 2017 est.)<ref name"], "debt": "increaseNegative 53% of GDP (2017 est.)<ref name", "revenue": "92.86 billion (2017 est.)<ref name", "expenses": "108.3 billion (2017 est.)<ref name", "balance": "\u22124.4% (of GDP) (2017 est.)<ref name", "reserves": "increase $50.72 billion (31 December 2017 est.)<ref name", "aid": "ODA $19 billion, 0.2% of GDP (2004)", "cianame": "sf "}, "2021-01-13T00:36:22Z": {"organs": "AU, WTO, BRICS, AfCFTA, G-20, SACU and others", "population": "59,308,690 (2020 est.)", "gdp": ["decrease $283 billion (nominal, 2020 est.)<ref name"], "gdp rank": ["43rd (nominal, 2020)", "32nd (PPP, 2020)"], "per capita": ["decrease $4,736 (nominal, 2020 est.)<ref name"], "growth": ["0.8% (2018) 0.2% (2019e)", "\u22128.0% (2020f) 3.5% (2021f)"], "sectors": ["agriculture: 2.8%", "industry: 29.7%", "services: 67.5%", "(2017 est.)<ref name"], "inflation": "3.3% (2020 est.)<ref name", "poverty": ["increasenegative 55.5% (2014, World Bank)"], "gini": "63.0 red (2015)<ref name", "hdi": ["increase 0.709 green (2019)"], "labour": ["increase 23,072,331 (2019)"], "occupations": ["agriculture: 4.6%", "industry: 23.5%", "services: 71.9%", "(2014)<ref name"], "unemployment": ["increaseNegative 29.8% (Q4, 2019)"], "edbr": "decrease 84th (easy, 2020)", "industries": "mining (world's largest producer of platinum group metals, gold, chromium), automobile manufacturing, metalworking, technology, machinery, textiles, iron and steel, IT, chemicals, fertiliser, foodstuffs, manufacturing, commercial ship repair.", "exports": "$108 billion (2017)<ref name", "imports": "$81.9 billion (2017)<ref name", "current account": "decrease \u2212$8.584 billion (2017 est.)<ref name", "FDI": ["increase $156.8 billion (31 December 2017 est.)<ref name"], "debt": "increaseNegative 53% of GDP (2017 est.)<ref name", "revenue": "92.86 billion (2017 est.)<ref name", "expenses": "108.3 billion (2017 est.)<ref name", "balance": "\u22124.4% (of GDP) (2017 est.)<ref name", "reserves": "increase $50.72 billion (31 December 2017 est.)<ref name", "aid": "ODA $19 billion, 0.2% of GDP (2004)", "cianame": "sf "}, "2021-01-21T02:17:58Z": {"organs": "AU, WTO, BRICS, AfCFTA, G-20, SACU and others", "population": "59,733,768 (2021 est.)", "gdp": ["increase $317 billion (nominal, 2021 est.)<ref name"], "gdp rank": ["43rd (nominal, 2020)", "32nd (PPP, 2020)"], "per capita": ["decrease $4,736 (nominal, 2020 est.)<ref name"], "growth": ["0.8% (2018) 0.2% (2019e)", "\u22128.0% (2020f) 3.5% (2021f)"], "sectors": ["agriculture: 2.8%", "industry: 29.7%", "services: 67.5%", "(2017 est.)<ref name"], "inflation": "3.88% (2021 est.)<ref name", "poverty": ["increasenegative 55.5% (2014, World Bank)"], "gini": "63.0 red (2015)<ref name", "hdi": ["increase 0.709 green (2019)"], "labour": ["increase 23,072,331 (2019)"], "occupations": ["agriculture: 4.6%", "industry: 23.5%", "services: 71.9%", "(2014)<ref name"], "unemployment": ["increaseNegative 28.48% (2020 est)"], "edbr": "decrease 84th (easy, 2020)", "industries": "mining (world's largest producer of platinum group metals, gold, chromium), automobile manufacturing, metalworking, technology, machinery, textiles, iron and steel, IT, chemicals, fertiliser, foodstuffs, manufacturing, commercial ship repair.", "exports": "$108 billion (2017)<ref name", "imports": "$81.9 billion (2017)<ref name", "current account": "decrease \u2212$8.584 billion (2017 est.)<ref name", "FDI": ["increase $156.8 billion (31 December 2017 est.)<ref name"], "debt": "increaseNegative 53% of GDP (2017 est.)<ref name", "revenue": "92.86 billion (2017 est.)<ref name", "expenses": "108.3 billion (2017 est.)<ref name", "balance": "\u22124.4% (of GDP) (2017 est.)<ref name", "reserves": "increase $50.72 billion (31 December 2017 est.)<ref name", "aid": "ODA $19 billion, 0.2% of GDP (2004)", "cianame": "sf "}, "2021-01-21T02:28:42Z": {"organs": "AU, WTO, BRICS, AfCFTA, G-20, SACU and others", "population": "59,733,768 (2021 est.)", "gdp": ["increase $317 billion (nominal, 2021 est.)<ref name"], "gdp rank": ["43rd (nominal, 2020)", "32nd (PPP, 2020)"], "per capita": ["decrease $7,080 (nominal, 2021 est.)<ref name"], "growth": ["0.8% (2018) 0.2% (2019e)", "\u22128.0% (2020f) 3.5% (2021f)"], "sectors": ["agriculture: 2.8%", "industry: 29.7%", "services: 67.5%", "(2017 est.)<ref name"], "inflation": "3.88% (2021 est.)<ref name", "poverty": ["increasenegative 55.5% (2014, World Bank)"], "gini": "63.0 red (2015)<ref name", "hdi": ["increase 0.709 green (2019)"], "labour": ["increase 23,072,331 (2019)"], "occupations": ["agriculture: 4.6%", "industry: 23.5%", "services: 71.9%", "(2014)<ref name"], "unemployment": ["increaseNegative 28.48% (2020 est)"], "edbr": "decrease 84th (easy, 2020)", "industries": "mining (world's largest producer of platinum group metals, gold, chromium), automobile manufacturing, metalworking, technology, machinery, textiles, iron and steel, IT, chemicals, fertiliser, foodstuffs, manufacturing, commercial ship repair.", "exports": "$108 billion (2017)<ref name", "imports": "$81.9 billion (2017)<ref name", "current account": "decrease \u2212$8.584 billion (2017 est.)<ref name", "FDI": ["increase $156.8 billion (31 December 2017 est.)<ref name"], "debt": "increaseNegative 53% of GDP (2017 est.)<ref name", "revenue": "92.86 billion (2017 est.)<ref name", "expenses": "108.3 billion (2017 est.)<ref name", "balance": "\u22124.4% (of GDP) (2017 est.)<ref name", "reserves": "increase $50.72 billion (31 December 2017 est.)<ref name", "aid": "ODA $19 billion, 0.2% of GDP (2004)", "cianame": "sf "}, "2021-01-21T10:57:47Z": {"organs": "AU, WTO, BRICS, AfCFTA, G-20, SACU and others", "population": "59,308,690 (2020 est.)", "gdp": ["decrease $283 billion (nominal, 2020 est.)<ref name"], "gdp rank": ["43rd (nominal, 2020)", "32nd (PPP, 2020)"], "per capita": ["decrease $4,736 (nominal, 2020 est.)<ref name"], "growth": ["0.8% (2018) 0.2% (2019e)", "\u22128.0% (2020f) 3.5% (2021f)"], "sectors": ["agriculture: 2.8%", "industry: 29.7%", "services: 67.5%", "(2017 est.)<ref name"], "inflation": "3.3% (2020 est.)<ref name", "poverty": ["increasenegative 55.5% (2014, World Bank)"], "gini": "63.0 red (2015)<ref name", "hdi": ["increase 0.709 green (2019)"], "labour": ["increase 23,072,331 (2019)"], "occupations": ["agriculture: 4.6%", "industry: 23.5%", "services: 71.9%", "(2014)<ref name"], "unemployment": ["increaseNegative 29.8% (Q4, 2019)"], "edbr": "decrease 84th (easy, 2020)", "industries": "mining (world's largest producer of platinum group metals, gold, chromium), automobile manufacturing, metalworking, technology, machinery, textiles, iron and steel, IT, chemicals, fertiliser, foodstuffs, manufacturing, commercial ship repair.", "exports": "$108 billion (2017)<ref name", "imports": "$81.9 billion (2017)<ref name", "current account": "decrease \u2212$8.584 billion (2017 est.)<ref name", "FDI": ["increase $156.8 billion (31 December 2017 est.)<ref name"], "debt": "increaseNegative 53% of GDP (2017 est.)<ref name", "revenue": "92.86 billion (2017 est.)<ref name", "expenses": "108.3 billion (2017 est.)<ref name", "balance": "\u22124.4% (of GDP) (2017 est.)<ref name", "reserves": "increase $50.72 billion (31 December 2017 est.)<ref name", "aid": "ODA $19 billion, 0.2% of GDP (2004)", "cianame": "sf "}, "2021-01-21T10:58:25Z": {"organs": "AU, WTO, BRICS, AfCFTA, G-20, SACU and others", "population": "58,775,022 (2019 est.)", "gdp": ["decrease $283 billion (nominal, 2020 est.)<ref name"], "gdp rank": ["43rd (nominal, 2020)", "32nd (PPP, 2020)"], "per capita": ["decrease $4,736 (nominal, 2020 est.)<ref name"], "growth": ["0.8% (2018) 0.2% (2019e)", "\u22128.0% (2020f) 3.5% (2021f)"], "sectors": ["agriculture: 2.8%", "industry: 29.7%", "services: 67.5%", "(2017 est.)<ref name"], "inflation": "3.3% (2020 est.)<ref name", "poverty": ["increasenegative 55.5% (2014, World Bank)"], "gini": "63.0 red (2015)<ref name", "hdi": ["increase 0.709 green (2019)"], "labour": ["increase 23,072,331 (2019)"], "occupations": ["agriculture: 4.6%", "industry: 23.5%", "services: 71.9%", "(2014)<ref name"], "unemployment": ["increaseNegative 29.8% (Q4, 2019)"], "edbr": "decrease 84th (easy, 2020)", "industries": "mining (world's largest producer of platinum group metals, gold, chromium), automobile manufacturing, metalworking, technology, machinery, textiles, iron and steel, IT, chemicals, fertiliser, foodstuffs, manufacturing, commercial ship repair.", "exports": "$108 billion (2017)<ref name", "imports": "$81.9 billion (2017)<ref name", "current account": "decrease \u2212$8.584 billion (2017 est.)<ref name", "FDI": ["increase $156.8 billion (31 December 2017 est.)<ref name"], "debt": "increaseNegative 53% of GDP (2017 est.)<ref name", "revenue": "92.86 billion (2017 est.)<ref name", "expenses": "108.3 billion (2017 est.)<ref name", "balance": "\u22124.4% (of GDP) (2017 est.)<ref name", "reserves": "increase $50.72 billion (31 December 2017 est.)<ref name", "aid": "ODA $19 billion, 0.2% of GDP (2004)", "cianame": "sf "}, "2021-01-25T04:35:34Z": {"organs": "AU, WTO, BRICS, AfCFTA, G-20, SACU and others", "population": "58,775,022 (2019 est.)", "gdp": ["decrease $283 billion (nominal, 2020 est.)<ref name"], "gdp rank": ["43rd (nominal, 2020)", "32nd (PPP, 2020)"], "per capita": ["decrease $4,736 (nominal, 2020 est.)<ref name"], "growth": ["0.8% (2018) 0.2% (2019e)", "\u22128.0% (2020f) 3.5% (2021f)"], "sectors": ["agriculture: 2.8%", "industry: 29.7%", "services: 67.5%", "(2017 est.)<ref name"], "inflation": "3.3% (2020 est.)<ref name", "poverty": ["increasenegative 55.5% (2014, World Bank)"], "gini": "63.0 red (2015)<ref name", "hdi": ["increase 0.709 green (2019)"], "labour": ["increase 23,072,331 (2019)"], "occupations": ["agriculture: 4.6%", "industry: 23.5%", "services: 71.9%", "(2014)<ref name"], "unemployment": ["increaseNegative 29.8% (Q4, 2019)"], "edbr": "decrease 84th (easy, 2020)", "industries": "mining (world's largest producer of platinum group metals, gold, chromium), automobile manufacturing, metalworking, technology, machinery, textiles, iron and steel, IT, chemicals, fertiliser, foodstuffs, manufacturing, commercial ship repair.", "exports": "$108 billion (2017)<ref name", "imports": "$81.9 billion (2017)<ref name", "current account": "decrease \u2212$8.584 billion (2017 est.)<ref name", "FDI": ["increase $156.8 billion (31 December 2017 est.)<ref name"], "debt": "increaseNegative 53% of GDP (2017 est.)<ref name", "revenue": "92.86 billion (2017 est.)<ref name", "expenses": "108.3 billion (2017 est.)<ref name", "balance": "\u22124.4% (of GDP) (2017 est.)<ref name", "reserves": "increase $50.72 billion (31 December 2017 est.)<ref name", "aid": "ODA $19 billion, 0.2% of GDP (2004)", "cianame": "south-africa "}, "2021-06-19T01:38:50Z": {"organs": "AU, WTO, BRICS, AfCFTA, G-20, SACU and others", "population": "increase58,786,987 (2021est.)", "gdp": ["increase $283 billion (nominal, 2021 est.)<ref name"], "gdp rank": ["43rd (nominal, 2020)", "32nd (PPP, 2020)"], "per capita": ["decrease $4,736 (nominal, 2021 est.)<ref name"], "growth": ["\u22128.0% (2020f) decrease 3.8% (2021f)increase"], "sectors": ["agriculture: 4.8%increase", "industry: 21.7%decrease", "services: 67.5% decrease", "(2020 est.)<ref name"], "inflation": "Increase negative 3.3% (2020 est.)<ref name", "poverty": ["increase negative 58.6% (2021, World Bank)"], "gini": "62.7 red (2015)<ref name", "hdi": ["increase 0.709 green (2019)"], "labour": ["increase 23,073,349(2021)"], "occupations": ["agriculture: 7.6%increase", "industry: 23.5%increase", "services: 68.9% decrease", "(2021)<ref name"], "unemployment": ["increaseNegative 29.8% (Q4, 2019)"], "edbr": "decrease 84th (easy, 2020)", "industries": "mining (world's largest producer of platinum group metals, gold, chromium), automobile manufacturing, metalworking, technology, machinery, textiles, iron and steel, IT, chemicals, fertiliser, foodstuffs, manufacturing, commercial ship repair.", "exports": "$108 billion (2017)<ref name", "imports": "$82.2 billion (2017)<ref name", "current account": "Increase \u2212$8.584 billion (2017 est.)<ref name", "FDI": ["increase $156.8 billion (31 December 2017 est.)<ref name"], "debt": " Increase negative  53.6% of GDP (2017 est.)<ref name", "revenue": "92.86 billion (2017 est.)<ref name", "expenses": "108.3 billion (2017 est.)<ref name", "balance": "\u22124.4% (of GDP) (2017 est.)<ref name", "reserves": "increase $50.72 billion (31 December 2017 est.)<ref name", "aid": "ODA $19 billion, 0.2% of GDP (2004)", "cianame": "south-africa "}, "2021-06-19T01:42:03Z": {"organs": "AU, WTO, BRICS, AfCFTA, G-20, SACU and others", "population": "increase58,786,987 (2021est.)", "gdp": ["increase $283 billion (nominal, 2021 est.)<ref name"], "gdp rank": ["43rd (nominal, 2020)", "32nd (PPP, 2020)"], "per capita": ["decrease $4,736 (nominal, 2021 est.)<ref name"], "growth": ["\u22128.0% (2020f) decrease 3.8% (2021f)increase"], "sectors": ["agriculture: 4.8%increase", "industry: 21.7%decrease", "services: 67.5% decrease", "(2020 est.)<ref name"], "inflation": "Increase3.3% (2020 est.)<ref name", "poverty": ["increase negative 58.6% (2021, World Bank)"], "gini": "62.7 red (2015)<ref name", "hdi": ["increase 0.709 green (2019)"], "labour": ["increase 23,073,349(2021)"], "occupations": ["agriculture: 7.6%increase", "industry: 23.5%increase", "services: 68.9% decrease", "(2021)<ref name"], "unemployment": ["increaseNegative 29.8% (Q4, 2019)"], "edbr": "decrease 84th (easy, 2020)", "industries": "mining (world's largest producer of platinum group metals, gold, chromium), automobile manufacturing, metalworking, technology, machinery, textiles, iron and steel, IT, chemicals, fertiliser, foodstuffs, manufacturing, commercial ship repair.", "exports": "$108 billion (2017)<ref name", "imports": "$82.2 billion (2017)<ref name", "current account": "Increase \u2212$8.584 billion (2017 est.)<ref name", "FDI": ["increase $156.8 billion (31 December 2017 est.)<ref name"], "debt": " Increase  53.6% of GDP (2017 est.)<ref name", "revenue": "92.86 billion (2017 est.)<ref name", "expenses": "108.3 billion (2017 est.)<ref name", "balance": "\u22124.4% (of GDP) (2017 est.)<ref name", "reserves": "increase $50.72 billion (31 December 2017 est.)<ref name", "aid": "ODA $19 billion, 0.2% of GDP (2004)", "cianame": "south-africa "}, "2021-06-19T01:44:59Z": {"organs": "AU, WTO, BRICS, AfCFTA, G-20, SACU and others", "population": "increase58,786,987 (2021est.)", "gdp": ["increase $283 billion (nominal, 2021 est.)<ref name"], "gdp rank": ["43rd (nominal, 2020)", "32nd (PPP, 2020)"], "per capita": ["decrease $4,736 (nominal, 2021 est.)<ref name"], "growth": ["\u22128.0% (2020f) decrease 3.8% (2021f)increase"], "sectors": ["agriculture: 4.8%increase", "industry: 21.7%decrease", "services: 67.5% decrease", "(2020 est.)<ref name"], "inflation": "decrease4.26% (2020 est.)<ref name", "poverty": ["increasenegative 58.6% (2021, World Bank)"], "gini": "62.7 red (2015)<ref name", "hdi": ["increase 0.709 green (2019)"], "labour": ["increase 23,073,349(2021)"], "occupations": ["agriculture: 7.6%increase", "industry: 23.5%increase", "services: 68.9% decrease", "(2021)<ref name"], "unemployment": ["increaseNegative 29.8% (Q4, 2019)"], "edbr": "decrease 84th (easy, 2020)", "industries": "mining (world's largest producer of platinum group metals, gold, chromium), automobile manufacturing, metalworking, technology, machinery, textiles, iron and steel, IT, chemicals, fertiliser, foodstuffs, manufacturing, commercial ship repair.", "exports": "$108 billion (2017)<ref name", "imports": "$82.2 billion (2017)<ref name", "current account": "Increase \u2212$8.584 billion (2017 est.)<ref name", "FDI": ["increase $156.8 billion (31 December 2017 est.)<ref name"], "debt": " Increase  53.6% of GDP (2017 est.)<ref name", "revenue": "92.86 billion (2017 est.)<ref name", "expenses": "108.3 billion (2017 est.)<ref name", "balance": "\u22124.4% (of GDP) (2017 est.)<ref name", "reserves": "increase $50.72 billion (31 December 2017 est.)<ref name", "aid": "ODA $19 billion, 0.2% of GDP (2004)", "cianame": "south-africa "}, "2021-06-19T02:54:52Z": {"organs": "AU, WTO, BRICS, AfCFTA, G-20, SACU and others", "population": "58,775,022 (2019 est.)", "gdp": ["decrease $283 billion (nominal, 2020 est.)<ref name"], "gdp rank": ["43rd (nominal, 2020)", "32nd (PPP, 2020)"], "per capita": ["decrease $4,736 (nominal, 2020 est.)<ref name"], "growth": ["0.8% (2018) 0.2% (2019e)", "\u22128.0% (2020f) 3.5% (2021f)"], "sectors": ["agriculture: 2.8%", "industry: 29.7%", "services: 67.5%", "(2017 est.)<ref name"], "inflation": "3.3% (2020 est.)<ref name", "poverty": ["increasenegative 55.5% (2014, World Bank)"], "gini": "63.0 red (2015)<ref name", "hdi": ["increase 0.709 green (2019)"], "labour": ["increase 23,072,331 (2019)"], "occupations": ["agriculture: 4.6%", "industry: 23.5%", "services: 71.9%", "(2014)<ref name"], "unemployment": ["increaseNegative 29.8% (Q4, 2019)"], "edbr": "decrease 84th (easy, 2020)", "industries": "mining (world's largest producer of platinum group metals, gold, chromium), automobile manufacturing, metalworking, technology, machinery, textiles, iron and steel, IT, chemicals, fertiliser, foodstuffs, manufacturing, commercial ship repair.", "exports": "$108 billion (2017)<ref name", "imports": "$81.9 billion (2017)<ref name", "current account": "decrease \u2212$8.584 billion (2017 est.)<ref name", "FDI": ["increase $156.8 billion (31 December 2017 est.)<ref name"], "debt": "increaseNegative 53% of GDP (2017 est.)<ref name", "revenue": "92.86 billion (2017 est.)<ref name", "expenses": "108.3 billion (2017 est.)<ref name", "balance": "\u22124.4% (of GDP) (2017 est.)<ref name", "reserves": "increase $50.72 billion (31 December 2017 est.)<ref name", "aid": "ODA $19 billion, 0.2% of GDP (2004)", "cianame": "south-africa "}, "2021-09-03T18:40:17Z": {"organs": "AU, WTO, BRICS, AfCFTA, G-20, SACU and others", "population": "58,775,022 (2019 est.)", "gdp": ["decrease $369.2 billion (nominal, 2020 est.)<ref name"]}, "2021-09-06T18:08:43Z": {"organs": "AU, WTO, BRICS, AfCFTA, G-20, SACU and others", "population": "58,775,022 (2019 est.)", "gdp": ["decrease $283 billion (nominal, 2020 est.)<ref name"], "gdp rank": ["43rd (nominal, 2020)", "32nd (PPP, 2020)"], "per capita": ["decrease $4,736 (nominal, 2020 est.)<ref name"], "growth": ["0.8% (2018) 0.2% (2019e)", "\u22128.0% (2020f) 3.5% (2021f)"], "sectors": ["agriculture: 2.8%", "industry: 29.7%", "services: 67.5%", "(2017 est.)<ref name"], "inflation": "3.3% (2020 est.)<ref name", "poverty": ["increasenegative 55.5% (2014, World Bank)"], "gini": "63.0 red (2015)<ref name", "hdi": ["increase 0.709 green (2019)"], "labour": ["increase 23,072,331 (2019)"], "occupations": ["agriculture: 4.6%", "industry: 23.5%", "services: 71.9%", "(2014)<ref name"], "unemployment": ["increaseNegative 29.8% (Q4, 2019)"], "edbr": "decrease 84th (easy, 2020)", "industries": "mining (world's largest producer of platinum group metals, gold, chromium), automobile manufacturing, metalworking, technology, machinery, textiles, iron and steel, IT, chemicals, fertiliser, foodstuffs, manufacturing, commercial ship repair.", "exports": "$108 billion (2017)<ref name", "imports": "$81.9 billion (2017)<ref name", "current account": "decrease \u2212$8.584 billion (2017 est.)<ref name", "FDI": ["increase $156.8 billion (31 December 2017 est.)<ref name"], "debt": "increaseNegative 53% of GDP (2017 est.)<ref name", "revenue": "92.86 billion (2017 est.)<ref name", "expenses": "108.3 billion (2017 est.)<ref name", "balance": "\u22124.4% (of GDP) (2017 est.)<ref name", "reserves": "increase $50.72 billion (31 December 2017 est.)<ref name", "aid": "ODA $19 billion, 0.2% of GDP (2004)", "cianame": "south-africa "}, "2021-09-07T15:04:48Z": {"organs": "oNE TEOAU, WTO, BRICS, AfCFTA, G-20, SACU and others", "population": "58,775,022 (2019 est.)", "gdp": ["decrease $283 billion (nominal, 2020 est.)<ref name"], "per capita": ["decrease $4,736 (nominal, 2020 est.)<ref name"], "growth": ["0.8% (2018) 0.2% (2019e)", "\u22128.0% (2020f) 3.5% (2021f)"], "sectors": ["agriculture: 2.8%", "industry: 29.7%", "services: 67.5%", "(2017 est.)<ref name"], "inflation": "3.3% (2020 est.)<ref name", "poverty": ["increasenegative 55.5% (2014, World Bank)"], "gini": "63.0 red (2015)<ref name", "hdi": ["increase 0.709 green (2019)"], "labour": ["increase 23,072,331 (2019)"], "occupations": ["agriculture: 4.6%", "industry: 23.5%", "services: 71.9%", "(2014)<ref name"], "unemployment": ["increaseNegative 29.8% (Q4, 2019)"], "edbr": "decrease 84th (easy, 2020)", "industries": "mining (world's largest producer of platinum group metals, gold, chromium), automobile manufacturing, metalworking, technology, machinery, textiles, iron and steel, IT, chemicals, fertiliser, foodstuffs, manufacturing, commercial ship repair.", "exports": "$108 billion (2017)<ref name", "imports": "$81.9 billion (2017)<ref name", "current account": "decrease \u2212$8.584 billion (2017 est.)<ref name", "FDI": ["increase $156.8 billion (31 December 2017 est.)<ref name"], "debt": "increaseNegative 53% of GDP (2017 est.)<ref name", "revenue": "92.86 billion (2017 est.)<ref name", "expenses": "108.3 billion (2017 est.)<ref name", "balance": "\u22124.4% (of GDP) (2017 est.)<ref name", "reserves": "increase $50.72 billion (31 December 2017 est.)<ref name", "aid": "ODA $19 billion, 0.2% of GDP (2004)", "cianame": "south-africa "}, "2021-09-07T15:06:35Z": {"organs": "AU, WTO, BRICS, AfCFTA, G-20, SACU and others", "population": "58,775,022 (2019 est.)", "gdp": ["decrease $283 billion (nominal, 2020 est.)<ref name"], "gdp rank": ["43rd (nominal, 2020)", "32nd (PPP, 2020)"], "per capita": ["decrease $4,736 (nominal, 2020 est.)<ref name"], "growth": ["0.8% (2018) 0.2% (2019e)", "\u22128.0% (2020f) 3.5% (2021f)"], "sectors": ["agriculture: 2.8%", "industry: 29.7%", "services: 67.5%", "(2017 est.)<ref name"], "inflation": "3.3% (2020 est.)<ref name", "poverty": ["increasenegative 55.5% (2014, World Bank)"], "gini": "63.0 red (2015)<ref name", "hdi": ["increase 0.709 green (2019)"], "labour": ["increase 23,072,331 (2019)"], "occupations": ["agriculture: 4.6%", "industry: 23.5%", "services: 71.9%", "(2014)<ref name"], "unemployment": ["increaseNegative 29.8% (Q4, 2019)"], "edbr": "decrease 84th (easy, 2020)", "industries": "mining (world's largest producer of platinum group metals, gold, chromium), automobile manufacturing, metalworking, technology, machinery, textiles, iron and steel, IT, chemicals, fertiliser, foodstuffs, manufacturing, commercial ship repair.", "exports": "$108 billion (2017)<ref name", "imports": "$81.9 billion (2017)<ref name", "current account": "decrease \u2212$8.584 billion (2017 est.)<ref name", "FDI": ["increase $156.8 billion (31 December 2017 est.)<ref name"], "debt": "increaseNegative 53% of GDP (2017 est.)<ref name", "revenue": "92.86 billion (2017 est.)<ref name", "expenses": "108.3 billion (2017 est.)<ref name", "balance": "\u22124.4% (of GDP) (2017 est.)<ref name", "reserves": "increase $50.72 billion (31 December 2017 est.)<ref name", "aid": "ODA $19 billion, 0.2% of GDP (2004)", "cianame": "south-africa "}, "2021-10-23T16:15:17Z": {"organs": "AU, WTO, BRICS, AfCFTA, G-20, SACU and others", "population": "58,775,022 (2019 est.)", "gdp": ["decrease $283 billion (nominal, 2020 est.)<ref name"], "gdp rank": ["43rd (nominal, 2020)", "32nd (PPP, 2020)"], "per capita": ["decrease $4,736 (nominal, 2020 est.)<ref name"], "growth": ["0.8% (2018) 0.2% (2019e)", "\u22128.0% (2020f) 3.5% (2021f)"], "sectors": ["agriculture: 2.8%", "industry: 29.7%", "services: 67.5%", "(2017 est.)<ref name"], "inflation": "3.3% (2020 est.)<ref name", "poverty": ["increasenegative 55.5% (2014, World Bank)"], "gini": "63.0 red (2015)<ref name", "hdi": ["increase 0.709 green (2019)"], "labour": ["increase 23,072,331 (2019)"], "occupations": ["agriculture: 4.6%", "industry: 23.5%", "services: 71.9%", "(2014)<ref name"], "unemployment": ["increaseNegative 29.8% (Q4, 2019)"], "edbr": "decrease 84th (easy, 2020)", "industries": "mining (world's largest producer of platinum group metals, gold, chromium), automobile manufacturing, metalworking, technology, machinery, textiles, iron and steel, IT, chemicals, fertiliser, foodstuffs, manufacturing, commercial ship repair.", "exports": "$108 billion (2017)<ref name", "imports": "$81.9 billion (2021) | import-goods", "current account": "decrease \u2212$8.584 billion (2017 est.)<ref name", "FDI": ["increase $156.8 billion (31 December 2017 est.)<ref name"], "debt": "increaseNegative 53% of GDP (2017 est.)<ref name", "revenue": "92.86 billion (2017 est.)<ref name", "expenses": "108.3 billion (2017 est.)<ref name", "balance": "\u22124.4% (of GDP) (2017 est.)<ref name", "reserves": "increase $50.72 billion (31 December 2017 est.)<ref name", "aid": "ODA $19 billion, 0.2% of GDP (2004)", "cianame": "south-africa "}, "2021-10-23T16:19:10Z": {"organs": "AU, WTO, BRICS, AfCFTA, G-20, SACU and others", "population": "58,775,022 (2019 est.)", "gdp": ["decrease $283 billion (nominal, 2020 est.)<ref name"], "gdp rank": ["43rd (nominal, 2020)", "32nd (PPP, 2020)"], "per capita": ["decrease $4,736 (nominal, 2020 est.)<ref name"], "growth": ["0.8% (2018) 0.2% (2019e)", "\u22128.0% (2020f) 3.5% (2021f)"], "sectors": ["agriculture: 2.8%", "industry: 29.7%", "services: 67.5%", "(2017 est.)<ref name"], "inflation": "3.3% (2020 est.)<ref name", "poverty": ["increasenegative 55.5% (2014, World Bank)"], "gini": "63.0 red (2015)<ref name", "hdi": ["increase 0.709 green (2019)"], "labour": ["increase 23,072,331 (2019)"], "occupations": ["agriculture: 4.6%", "industry: 23.5%", "services: 71.9%", "(2014)<ref name"], "unemployment": ["increaseNegative 29.8% (Q4, 2019)"], "edbr": "decrease 84th (easy, 2020)", "industries": "mining (world's largest producer of platinum group metals, gold, chromium), automobile manufacturing, metalworking, technology, machinery, textiles, iron and steel, IT, chemicals, fertiliser, foodstuffs, manufacturing, commercial ship repair.", "exports": "$30.467 billion (2021)<ref name", "imports": "$81.9 billion (2017) | import-goods", "current account": "decrease \u2212$8.584 billion (2017 est.)<ref name", "FDI": ["increase $156.8 billion (31 December 2017 est.)<ref name"], "debt": "increaseNegative 53% of GDP (2017 est.)<ref name", "revenue": "92.86 billion (2017 est.)<ref name", "expenses": "108.3 billion (2017 est.)<ref name", "balance": "\u22124.4% (of GDP) (2017 est.)<ref name", "reserves": "increase $50.72 billion (31 December 2017 est.)<ref name", "aid": "ODA $19 billion, 0.2% of GDP (2004)", "cianame": "south-africa "}, "2021-10-23T18:30:56Z": {"organs": "AU, WTO, BRICS, AfCFTA, G-20, SACU and others", "population": "58,775,022 (2019 est.)", "gdp": ["decrease $283 billion (nominal, 2020 est.)<ref name"], "gdp rank": ["43rd (nominal, 2020)", "32nd (PPP, 2020)"], "per capita": ["decrease $4,736 (nominal, 2020 est.)<ref name"], "growth": ["0.8% (2018) 0.2% (2019e)", "\u22128.0% (2020f) 3.5% (2021f)"], "sectors": ["agriculture: 2.8%", "industry: 29.7%", "services: 67.5%", "(2017 est.)<ref name"], "inflation": "3.3% (2020 est.)<ref name", "poverty": ["increasenegative 55.5% (2014, World Bank)"], "gini": "63.0 red (2015)<ref name", "hdi": ["increase 0.709 green (2019)"], "labour": ["increase 23,072,331 (2019)"], "occupations": ["agriculture: 4.6%", "industry: 23.5%", "services: 71.9%", "(2014)<ref name"], "unemployment": ["increaseNegative 29.8% (Q4, 2019)"], "edbr": "decrease 84th (easy, 2020)", "industries": "mining (world's largest producer of platinum group metals, gold, chromium), automobile manufacturing, metalworking, technology, machinery, textiles, iron and steel, IT, chemicals, fertiliser, foodstuffs, manufacturing, commercial ship repair.", "exports": "$108 billion (2017)<ref name", "imports": "$81.9 billion (2017)<ref name", "current account": "decrease \u2212$8.584 billion (2017 est.)<ref name", "FDI": ["increase $156.8 billion (31 December 2017 est.)<ref name"], "debt": "increaseNegative 53% of GDP (2017 est.)<ref name", "revenue": "92.86 billion (2017 est.)<ref name", "expenses": "108.3 billion (2017 est.)<ref name", "balance": "\u22124.4% (of GDP) (2017 est.)<ref name", "reserves": "increase $50.72 billion (31 December 2017 est.)<ref name", "aid": "ODA $19 billion, 0.2% of GDP (2004)", "cianame": "south-africa "}, "2021-10-25T20:29:32Z": {"organs": "AU, WTO, BRICS, AfCFTA, G-20, SACU and others", "population": "58,775,022 (2019 est.)", "gdp": ["decrease $283 billion (nominal, 2020 est.)<ref name"], "gdp rank": ["43rd (nominal, 2020)", "32nd (PPP, 2020)"], "per capita": ["decrease $4,736 (nominal, 2020 est.)<ref name"], "growth": ["0.8% (2018) 0.2% (2019e)", "\u22128.0% (2020f) 3.5% (2021f)"], "sectors": ["agriculture: 2.8%", "industry: 29.7%", "services: 67.5%", "(2017 est.)<ref name"], "inflation": "3.3% (2020 est.)<ref name", "poverty": ["increasenegative 55.5% (2014, World Bank)"], "gini": "63.0 red (2015)<ref name", "hdi": ["increase 0.709 green (2019)"], "labour": ["increase 23,072,331 (2019)"], "occupations": ["agriculture: 4.6%", "industry: 23.5%", "services: 71.9%", "(2014)<ref name"], "unemployment": ["increaseNegative 34.4% (Q2, 2021)"], "language": "en", "edbr": "decrease 84th (easy, 2020)", "industries": "mining (world's largest producer of platinum group metals, gold, chromium), automobile manufacturing, metalworking, technology, machinery, textiles, iron and steel, IT, chemicals, fertiliser, foodstuffs, manufacturing, commercial ship repair.", "exports": "$108 billion (2017)<ref name", "imports": "$81.9 billion (2017)<ref name", "current account": "decrease \u2212$8.584 billion (2017 est.)<ref name", "FDI": ["increase $156.8 billion (31 December 2017 est.)<ref name"], "debt": "increaseNegative 53% of GDP (2017 est.)<ref name", "revenue": "92.86 billion (2017 est.)<ref name", "expenses": "108.3 billion (2017 est.)<ref name", "balance": "\u22124.4% (of GDP) (2017 est.)<ref name", "reserves": "increase $50.72 billion (31 December 2017 est.)<ref name", "aid": "ODA $19 billion, 0.2% of GDP (2004)", "cianame": "south-africa "}, "2021-11-13T15:17:31Z": {"organs": "AU, WTO, BRICS, AfCFTA, G-20, SACU and others", "population": "58,775,022 (2019 est.)", "gdp": ["increase $415.32 billion (nominal, 2020 est.)<ref name"], "gdp rank": ["35th (nominal, 2021)", "32nd (PPP, 2020)"], "per capita": ["increase $6,861 (nominal, 2021 est.)<ref name"], "growth": ["0.8% (2018) 0.2% (2019e)", "\u22128.0% (2020f) 3.5% (2021f)"], "sectors": ["agriculture: 2.8%", "industry: 29.7%", "services: 67.5%", "(2017 est.)<ref name"], "inflation": "3.3% (2020 est.)<ref name", "poverty": ["increasenegative 55.5% (2014, World Bank)"], "gini": "63.0 red (2015)<ref name", "hdi": ["increase 0.709 green (2019)"], "labour": ["increase 23,072,331 (2019)"], "occupations": ["agriculture: 4.6%", "industry: 23.5%", "services: 71.9%", "(2014)<ref name"], "unemployment": ["increaseNegative 34.4% (Q2, 2021)"], "language": "en", "edbr": "decrease 84th (easy, 2020)", "industries": "mining (world's largest producer of platinum group metals, gold, chromium), automobile manufacturing, metalworking, technology, machinery, textiles, iron and steel, IT, chemicals, fertiliser, foodstuffs, manufacturing, commercial ship repair.", "exports": "$108 billion (2017)<ref name", "imports": "$81.9 billion (2017)<ref name", "current account": "decrease \u2212$8.584 billion (2017 est.)<ref name", "FDI": ["increase $156.8 billion (31 December 2017 est.)<ref name"], "debt": "increaseNegative 53% of GDP (2017 est.)<ref name", "revenue": "92.86 billion (2017 est.)<ref name", "expenses": "108.3 billion (2017 est.)<ref name", "balance": "\u22124.4% (of GDP) (2017 est.)<ref name", "reserves": "increase $50.72 billion (31 December 2017 est.)<ref name", "aid": "ODA $19 billion, 0.2% of GDP (2004)", "cianame": "south-africa "}, "2021-11-13T15:18:21Z": {"organs": "AU, WTO, BRICS, AfCFTA, G-20, SACU and others", "population": "58,775,022 (2019 est.)", "gdp": ["increase $415.32 billion (nominal, 2021 est.)<ref name"], "gdp rank": ["35th (nominal, 2021)", "32nd (PPP, 2020)"], "per capita": ["increase $6,861 (nominal, 2021 est.)<ref name"], "growth": ["0.8% (2018) 0.2% (2019e)", "\u22128.0% (2020f) 3.5% (2021f)"], "sectors": ["agriculture: 2.8%", "industry: 29.7%", "services: 67.5%", "(2017 est.)<ref name"], "inflation": "3.3% (2020 est.)<ref name", "poverty": ["increasenegative 55.5% (2014, World Bank)"], "gini": "63.0 red (2015)<ref name", "hdi": ["increase 0.709 green (2019)"], "labour": ["increase 23,072,331 (2019)"], "occupations": ["agriculture: 4.6%", "industry: 23.5%", "services: 71.9%", "(2014)<ref name"], "unemployment": ["increaseNegative 34.4% (Q2, 2021)"], "language": "en", "edbr": "decrease 84th (easy, 2020)", "industries": "mining (world's largest producer of platinum group metals, gold, chromium), automobile manufacturing, metalworking, technology, machinery, textiles, iron and steel, IT, chemicals, fertiliser, foodstuffs, manufacturing, commercial ship repair.", "exports": "$108 billion (2017)<ref name", "imports": "$81.9 billion (2017)<ref name", "current account": "decrease \u2212$8.584 billion (2017 est.)<ref name", "FDI": ["increase $156.8 billion (31 December 2017 est.)<ref name"], "debt": "increaseNegative 53% of GDP (2017 est.)<ref name", "revenue": "92.86 billion (2017 est.)<ref name", "expenses": "108.3 billion (2017 est.)<ref name", "balance": "\u22124.4% (of GDP) (2017 est.)<ref name", "reserves": "increase $50.72 billion (31 December 2017 est.)<ref name", "aid": "ODA $19 billion, 0.2% of GDP (2004)", "cianame": "south-africa "}, "2021-11-30T13:30:33Z": {"organs": "AU, WTO, BRICS, AfCFTA, G-20, SACU and others", "population": "58,775,022 (2019 est.)", "gdp": ["increase $415.32 billion (nominal, 2021 est.)<ref name"], "gdp rank": ["35th (nominal, 2021)", "32nd (PPP, 2020)"], "per capita": ["increase $6,861 (nominal, 2021 est.)<ref name"], "growth": ["0.8% (2018) 0.2% (2019e)", "\u22128.0% (2020f) 3.5% (2021f)"], "sectors": ["agriculture: 2.8%", "industry: 29.7%", "services: 67.5%", "(2017 est.)<ref name"], "inflation": "3.3% (2020 est.)<ref name", "poverty": ["increasenegative 55.5% (2014, World Bank)"], "gini": "63.0 red (2015)<ref name", "hdi": ["increase 0.709 green (2019)"], "labour": ["increase 23,072,331 (2019)"], "occupations": ["agriculture: 4.6%", "industry: 23.5%", "services: 71.9%", "(2014)<ref name"], "unemployment": ["increaseNegative 34.9% (Q3, 2021)"], "last": "Africa", "first": "Statistics South", "language": ["increaseNegative 64.4% youth unemployment (15 to 24 year-olds; Q2, 2021) |"], "edbr": "decrease 84th (easy, 2020)", "industries": "mining (world's largest producer of platinum group metals, gold, chromium), automobile manufacturing, metalworking, technology, machinery, textiles, iron and steel, IT, chemicals, fertiliser, foodstuffs, manufacturing, commercial ship repair.", "exports": "$108 billion (2017)<ref name", "imports": "$81.9 billion (2017)<ref name", "current account": "decrease \u2212$8.584 billion (2017 est.)<ref name", "FDI": ["increase $156.8 billion (31 December 2017 est.)<ref name"], "debt": "increaseNegative 53% of GDP (2017 est.)<ref name", "revenue": "92.86 billion (2017 est.)<ref name", "expenses": "108.3 billion (2017 est.)<ref name", "balance": "\u22124.4% (of GDP) (2017 est.)<ref name", "reserves": "increase $50.72 billion (31 December 2017 est.)<ref name", "aid": "ODA $19 billion, 0.2% of GDP (2004)", "cianame": "south-africa "}, "2021-11-30T13:32:57Z": {"organs": "AU, WTO, BRICS, AfCFTA, G-20, SACU and others", "population": "60,14 million (2021 est.)", "gdp": ["increase $415.32 billion (nominal, 2021 est.)<ref name"], "gdp rank": ["35th (nominal, 2021)", "32nd (PPP, 2020)"], "per capita": ["increase $6,861 (nominal, 2021 est.)<ref name"], "growth": ["0.8% (2018) 0.2% (2019e)", "\u22128.0% (2020f) 3.5% (2021f)"], "sectors": ["agriculture: 2.8%", "industry: 29.7%", "services: 67.5%", "(2017 est.)<ref name"], "inflation": "3.3% (2020 est.)<ref name", "poverty": ["increasenegative 55.5% (2014, World Bank)"], "gini": "63.0 red (2015)<ref name", "hdi": ["increase 0.709 green (2019)"], "labour": ["increase 23,072,331 (2019)"], "occupations": ["agriculture: 4.6%", "industry: 23.5%", "services: 71.9%", "(2014)<ref name"], "unemployment": ["increaseNegative 34.9% (Q3, 2021)"], "last": "Africa", "first": "Statistics South", "language": ["increaseNegative 64.4% youth unemployment (15 to 24 year-olds; Q2, 2021) |"], "edbr": "decrease 84th (easy, 2020)", "industries": "mining (world's largest producer of platinum group metals, gold, chromium), automobile manufacturing, metalworking, technology, machinery, textiles, iron and steel, IT, chemicals, fertiliser, foodstuffs, manufacturing, commercial ship repair.", "exports": "$108 billion (2017)<ref name", "imports": "$81.9 billion (2017)<ref name", "current account": "decrease \u2212$8.584 billion (2017 est.)<ref name", "FDI": ["increase $156.8 billion (31 December 2017 est.)<ref name"], "debt": "increaseNegative 53% of GDP (2017 est.)<ref name", "revenue": "92.86 billion (2017 est.)<ref name", "expenses": "108.3 billion (2017 est.)<ref name", "balance": "\u22124.4% (of GDP) (2017 est.)<ref name", "reserves": "increase $50.72 billion (31 December 2017 est.)<ref name", "aid": "ODA $19 billion, 0.2% of GDP (2004)", "cianame": "south-africa "}, "2022-03-05T08:39:57Z": {"organs": "AU, WTO, BRICS, AfCFTA, G-20, SACU and others", "population": "60,14 million (2021 est.)", "gdp": ["increase $435.212 billion (nominal, 2022 est.)<ref name"], "gdp rank": ["34th (nominal, 2022)", "32nd (PPP, 2020)"], "per capita": ["increase $7,082 (nominal, 2021 est.)<ref name"], "growth": ["0.8% (2018) 0.2% (2019e)", "\u22128.0% (2020f) 3.5% (2021f)"], "sectors": ["agriculture: 2.8%", "industry: 29.7%", "services: 67.5%", "(2017 est.)<ref name"], "inflation": "3.3% (2020 est.)<ref name", "poverty": ["increasenegative 55.5% (2014, World Bank)"], "gini": "63.0 red (2015)<ref name", "hdi": ["increase 0.709 green (2019)"], "labour": ["increase 23,072,331 (2019)"], "occupations": ["agriculture: 4.6%", "industry: 23.5%", "services: 71.9%", "(2014)<ref name"], "unemployment": ["increaseNegative 34.9% (Q3, 2021)"], "last": "Africa", "first": "Statistics South", "language": ["increaseNegative 64.4% youth unemployment (15 to 24 year-olds; Q2, 2021) |"], "edbr": "decrease 84th (easy, 2020)", "industries": "mining (world's largest producer of platinum group metals, gold, chromium), automobile manufacturing, metalworking, technology, machinery, textiles, iron and steel, IT, chemicals, fertiliser, foodstuffs, manufacturing, commercial ship repair.", "exports": "$108 billion (2017)<ref name", "imports": "$81.9 billion (2017)<ref name", "current account": "decrease \u2212$8.584 billion (2017 est.)<ref name", "FDI": ["increase $156.8 billion (31 December 2017 est.)<ref name"], "debt": "increaseNegative 53% of GDP (2017 est.)<ref name", "revenue": "92.86 billion (2017 est.)<ref name", "expenses": "108.3 billion (2017 est.)<ref name", "balance": "\u22124.4% (of GDP) (2017 est.)<ref name", "reserves": "increase $50.72 billion (31 December 2017 est.)<ref name", "aid": "ODA $19 billion, 0.2% of GDP (2004)", "cianame": "south-africa "}, "2022-03-05T08:43:42Z": {"organs": "AU, WTO, BRICS, AfCFTA, G-20, SACU and others", "population": "60,14 million (2021 est.)", "gdp": ["increase $435.212 billion (nominal, 2022 est.)<ref name"], "gdp rank": ["34th (nominal, 2022)", "32nd (PPP, 2022)"], "per capita": ["increase $7,082 (nominal, 2021 est.)<ref name"], "growth": ["0.8% (2018) 0.2% (2019e)", "\u22128.0% (2020f) 3.5% (2021f)"], "sectors": ["agriculture: 2.8%", "industry: 29.7%", "services: 67.5%", "(2017 est.)<ref name"], "inflation": "3.3% (2020 est.)<ref name", "poverty": ["increasenegative 55.5% (2014, World Bank)"], "gini": "63.0 red (2015)<ref name", "hdi": ["increase 0.709 green (2019)"], "labour": ["increase 23,072,331 (2019)"], "occupations": ["agriculture: 4.6%", "industry: 23.5%", "services: 71.9%", "(2014)<ref name"], "unemployment": ["increaseNegative 34.9% (Q3, 2021)"], "last": "Africa", "first": "Statistics South", "language": ["increaseNegative 64.4% youth unemployment (15 to 24 year-olds; Q2, 2021) |"], "edbr": "decrease 84th (easy, 2020)", "industries": "mining (world's largest producer of platinum group metals, gold, chromium), automobile manufacturing, metalworking, technology, machinery, textiles, iron and steel, IT, chemicals, fertiliser, foodstuffs, manufacturing, commercial ship repair.", "exports": "$108 billion (2017)<ref name", "imports": "$81.9 billion (2017)<ref name", "current account": "decrease \u2212$8.584 billion (2017 est.)<ref name", "FDI": ["increase $156.8 billion (31 December 2017 est.)<ref name"], "debt": "increaseNegative 53% of GDP (2017 est.)<ref name", "revenue": "92.86 billion (2017 est.)<ref name", "expenses": "108.3 billion (2017 est.)<ref name", "balance": "\u22124.4% (of GDP) (2017 est.)<ref name", "reserves": "increase $50.72 billion (31 December 2017 est.)<ref name", "aid": "ODA $19 billion, 0.2% of GDP (2004)", "cianame": "south-africa "}, "2022-03-05T08:45:10Z": {"organs": "AU, WTO, BRICS, AfCFTA, G-20, SACU and others", "population": "60,14 million (2021 est.)", "gdp": ["increase $435.212 billion (nominal, 2022 est.)<ref name"], "gdp rank": ["34th (nominal, 2022)", "32nd (PPP, 2022)"], "per capita": ["increase $7,082 (nominal, 2022 est.)<ref name"], "growth": ["0.8% (2018) 0.2% (2019e)", "\u22128.0% (2020f) 3.5% (2021f)"], "sectors": ["agriculture: 2.8%", "industry: 29.7%", "services: 67.5%", "(2017 est.)<ref name"], "inflation": "3.3% (2020 est.)<ref name", "poverty": ["increasenegative 55.5% (2014, World Bank)"], "gini": "63.0 red (2015)<ref name", "hdi": ["increase 0.709 green (2019)"], "labour": ["increase 23,072,331 (2019)"], "occupations": ["agriculture: 4.6%", "industry: 23.5%", "services: 71.9%", "(2014)<ref name"], "unemployment": ["increaseNegative 34.9% (Q3, 2021)"], "last": "Africa", "first": "Statistics South", "language": ["increaseNegative 64.4% youth unemployment (15 to 24 year-olds; Q2, 2021) |"], "edbr": "decrease 84th (easy, 2020)", "industries": "mining (world's largest producer of platinum group metals, gold, chromium), automobile manufacturing, metalworking, technology, machinery, textiles, iron and steel, IT, chemicals, fertiliser, foodstuffs, manufacturing, commercial ship repair.", "exports": "$108 billion (2017)<ref name", "imports": "$81.9 billion (2017)<ref name", "current account": "decrease \u2212$8.584 billion (2017 est.)<ref name", "FDI": ["increase $156.8 billion (31 December 2017 est.)<ref name"], "debt": "increaseNegative 53% of GDP (2017 est.)<ref name", "revenue": "92.86 billion (2017 est.)<ref name", "expenses": "108.3 billion (2017 est.)<ref name", "balance": "\u22124.4% (of GDP) (2017 est.)<ref name", "reserves": "increase $50.72 billion (31 December 2017 est.)<ref name", "aid": "ODA $19 billion, 0.2% of GDP (2004)", "cianame": "south-africa "}, "2022-03-19T18:41:57Z": {"organs": "AU, WTO, BRICS, AfCFTA, G-20, SACU and others", "population": "60,14 million (2021 est.)", "gdp": ["increase $435.212 billion (nominal, 2022 est.)<ref name"], "gdp rank": ["34th (nominal, 2022)", "32nd (PPP, 2022)"], "per capita": ["increase $7,082 (nominal, 2022 est.)<ref name"], "growth": ["0.8% (2018) 0.2% (2019e)", "\u22128.0% (2020f) 3.5% (2021f)"], "sectors": ["agriculture: 2.8%", "industry: 29.7%", "services: 67.5%", "(2017 est.)<ref name"], "inflation": "3.3% (2020 est.)<ref name", "poverty": ["increasenegative 55.5% (2014, World Bank)"], "gini": "decreasepositive 61.8 red (2021)<ref name", "hdi": ["increase 0.709 green (2019)"], "labour": ["increase 23,072,331 (2019)"], "occupations": ["agriculture: 4.6%", "industry: 23.5%", "services: 71.9%", "(2014)<ref name"], "unemployment": ["increaseNegative 34.9% (Q3, 2021)"], "last": "Africa", "first": "Statistics South", "language": ["increaseNegative 64.4% youth unemployment (15 to 24 year-olds; Q2, 2021) |"], "edbr": "decrease 84th (easy, 2020)", "industries": "mining (world's largest producer of platinum group metals, gold, chromium), automobile manufacturing, metalworking, technology, machinery, textiles, iron and steel, IT, chemicals, fertiliser, foodstuffs, manufacturing, commercial ship repair.", "exports": "$108 billion (2017)<ref name", "imports": "$81.9 billion (2017)<ref name", "current account": "decrease \u2212$8.584 billion (2017 est.)<ref name", "FDI": ["increase $156.8 billion (31 December 2017 est.)<ref name"], "debt": "increaseNegative 53% of GDP (2017 est.)<ref name", "revenue": "92.86 billion (2017 est.)<ref name", "expenses": "108.3 billion (2017 est.)<ref name", "balance": "\u22124.4% (of GDP) (2017 est.)<ref name", "reserves": "increase $50.72 billion (31 December 2017 est.)<ref name", "aid": "ODA $19 billion, 0.2% of GDP (2004)", "cianame": "south-africa "}, "2022-03-26T13:43:07Z": {"organs": "AU, WTO, BRICS, AfCFTA, G-20, SACU and others", "population": "60,14 million (2021 est.)", "gdp": ["increase $346.556 billion (nominal, 2022 est.)<ref name"], "gdp rank": ["34th (nominal, 2022)", "32nd (PPP, 2022)"], "per capita": ["increase $5,634.564 (nominal, 2022 est.)<ref name"], "growth": ["0.8% (2018) 0.2% (2019e)", "\u22128.0% (2020f) 3.5% (2021f)"], "sectors": ["agriculture: 2.8%", "industry: 29.7%", "services: 67.5%", "(2017 est.)<ref name"], "inflation": "4.300% (2022 est.)<ref name", "poverty": ["increasenegative 55.5% (2014, World Bank)"], "gini": "decreasepositive 61.8 red (2021)<ref name", "hdi": ["increase 0.709 green (2019)"], "labour": ["increase 23,072,331 (2019)"], "occupations": ["agriculture: 4.6%", "industry: 23.5%", "services: 71.9%", "(2014)<ref name"], "unemployment": ["increaseNegative 36.989% (2022, est) <ref name"], "language": "en", "edbr": "decrease 84th (easy, 2020)", "industries": "mining (world's largest producer of platinum group metals, gold, chromium), automobile manufacturing, metalworking, technology, machinery, textiles, iron and steel, IT, chemicals, fertiliser, foodstuffs, manufacturing, commercial ship repair.", "exports": "$108 billion (2017)<ref name", "imports": "$81.9 billion (2017)<ref name", "current account": "decrease \u2212$8.584 billion (2017 est.)<ref name", "FDI": ["increase $156.8 billion (31 December 2017 est.)<ref name"], "debt": "increaseNegative 53% of GDP (2017 est.)<ref name", "revenue": "92.86 billion (2017 est.)<ref name", "expenses": "108.3 billion (2017 est.)<ref name", "balance": "\u22124.4% (of GDP) (2017 est.)<ref name", "reserves": "increase $50.72 billion (31 December 2017 est.)<ref name", "aid": "ODA $19 billion, 0.2% of GDP (2004)", "cianame": "south-africa "}, "2022-04-03T09:12:57Z": {"organs": "AU, WTO, BRICS, AfCFTA, G-20, SACU and others", "population": "60,14 million (2021 est.)", "gdp": ["increase $415.556 billion (nominal, 2022 est.)<ref name"], "gdp rank": ["34th (nominal, 2022)", "32nd (PPP, 2022)"], "per capita": ["increase $5,634.564 (nominal, 2022 est.)<ref name"], "growth": ["0.8% (2018) 0.2% (2019e)", "\u22128.0% (2020f) 3.5% (2021f)"], "sectors": ["agriculture: 2.8%", "industry: 29.7%", "services: 67.5%", "(2017 est.)<ref name"], "inflation": "4.300% (2022 est.)<ref name", "poverty": ["increasenegative 55.5% (2014, World Bank)"], "gini": "decreasepositive 61.8 red (2021)<ref name", "hdi": ["increase 0.709 green (2019)"], "labour": ["increase 23,072,331 (2019)"], "occupations": ["agriculture: 4.6%", "industry: 23.5%", "services: 71.9%", "(2014)<ref name"], "unemployment": ["increaseNegative 36.989% (2022, est) <ref name"], "language": "en", "edbr": "decrease 84th (easy, 2020)", "industries": "mining (world's largest producer of platinum group metals, gold, chromium), automobile manufacturing, metalworking, technology, machinery, textiles, iron and steel, IT, chemicals, fertiliser, foodstuffs, manufacturing, commercial ship repair.", "exports": "$108 billion (2017)<ref name", "imports": "$81.9 billion (2017)<ref name", "current account": "decrease \u2212$8.584 billion (2017 est.)<ref name", "FDI": ["increase $156.8 billion (31 December 2017 est.)<ref name"], "debt": "increaseNegative 53% of GDP (2017 est.)<ref name", "revenue": "92.86 billion (2017 est.)<ref name", "expenses": "108.3 billion (2017 est.)<ref name", "balance": "\u22124.4% (of GDP) (2017 est.)<ref name", "reserves": "increase $50.72 billion (31 December 2017 est.)<ref name", "aid": "ODA $19 billion, 0.2% of GDP (2004)", "cianame": "south-africa "}, "2022-04-05T11:40:32Z": {"organs": "AU, WTO, BRICS, AfCFTA, G-20, SACU and others", "population": "60,14 million (2021 est.)", "gdp": ["increase $415.556 billion (nominal, 2022 est.)<ref name"], "gdp rank": ["33rd (nominal, 2022)", "32nd (PPP, 2022)"], "per capita": ["increase $5,634.564 (nominal, 2022 est.)<ref name"], "growth": ["0.8% (2018) 0.2% (2019e)", "\u22128.0% (2020f) 3.5% (2021f)"], "sectors": ["agriculture: 2.8%", "industry: 29.7%", "services: 67.5%", "(2017 est.)<ref name"], "inflation": "4.300% (2022 est.)<ref name", "poverty": ["increasenegative 55.5% (2014, World Bank)"], "gini": "decreasepositive 61.8 red (2021)<ref name", "hdi": ["increase 0.709 green (2019)"], "labour": ["increase 23,072,331 (2019)"], "occupations": ["agriculture: 4.6%", "industry: 23.5%", "services: 71.9%", "(2014)<ref name"], "unemployment": ["increaseNegative 36.989% (2022, est) <ref name"], "language": "en", "edbr": "decrease 84th (easy, 2020)", "industries": "mining (world's largest producer of platinum group metals, gold, chromium), automobile manufacturing, metalworking, technology, machinery, textiles, iron and steel, IT, chemicals, fertiliser, foodstuffs, manufacturing, commercial ship repair.", "exports": "$108 billion (2017)<ref name", "imports": "$81.9 billion (2017)<ref name", "current account": "decrease \u2212$8.584 billion (2017 est.)<ref name", "FDI": ["increase $156.8 billion (31 December 2017 est.)<ref name"], "debt": "increaseNegative 53% of GDP (2017 est.)<ref name", "revenue": "92.86 billion (2017 est.)<ref name", "expenses": "108.3 billion (2017 est.)<ref name", "balance": "\u22124.4% (of GDP) (2017 est.)<ref name", "reserves": "increase $50.72 billion (31 December 2017 est.)<ref name", "aid": "ODA $19 billion, 0.2% of GDP (2004)", "cianame": "south-africa "}, "2022-04-07T11:40:53Z": {"organs": "AU, WTO, BRICS, AfCFTA, G-20, SACU and others", "population": "60,14 million (2021 est.)", "gdp": ["increase $415.556 billion (nominal, 2022 est.)<ref name"], "gdp rank": ["33rd (nominal, 2022)", "32nd (PPP, 2022)"], "per capita": ["increase $6,861.535 (nominal, 2022 est.)<ref name"], "growth": ["0.8% (2018) 0.2% (2019e)", "\u22128.0% (2020f) 3.5% (2021f)"], "sectors": ["agriculture: 2.8%", "industry: 29.7%", "services: 67.5%", "(2017 est.)<ref name"], "inflation": "4.300% (2022 est.)<ref name", "poverty": ["increasenegative 55.5% (2014, World Bank)"], "gini": "decreasepositive 61.8 red (2021)<ref name", "hdi": ["increase 0.709 green (2019)"], "labour": ["increase 23,072,331 (2019)"], "occupations": ["agriculture: 4.6%", "industry: 23.5%", "services: 71.9%", "(2014)<ref name"], "unemployment": ["increaseNegative 36.989% (2022, est) <ref name"], "language": "en", "edbr": "decrease 84th (easy, 2020)", "industries": "mining (world's largest producer of platinum group metals, gold, chromium), automobile manufacturing, metalworking, technology, machinery, textiles, iron and steel, IT, chemicals, fertiliser, foodstuffs, manufacturing, commercial ship repair.", "exports": "$108 billion (2017)<ref name", "imports": "$81.9 billion (2017)<ref name", "current account": "decrease \u2212$8.584 billion (2017 est.)<ref name", "FDI": ["increase $156.8 billion (31 December 2017 est.)<ref name"], "debt": "increaseNegative 53% of GDP (2017 est.)<ref name", "revenue": "92.86 billion (2017 est.)<ref name", "expenses": "108.3 billion (2017 est.)<ref name", "balance": "\u22124.4% (of GDP) (2017 est.)<ref name", "reserves": "increase $50.72 billion (31 December 2017 est.)<ref name", "aid": "ODA $19 billion, 0.2% of GDP (2004)", "cianame": "south-africa "}, "2022-04-08T18:05:32Z": {"organs": "AU, WTO, BRICS, AfCFTA, G-20, SACU and others", "population": "60,14 million (2021 est.)", "gdp": ["increase $435.556 billion (nominal, 2022 est.)<ref name"], "gdp rank": ["33rd (nominal, 2022)", "32nd (PPP, 2022)"], "per capita": ["increase $6,861.535 (nominal, 2022 est.)<ref name"], "growth": ["0.8% (2018) 0.2% (2019e)", "\u22128.0% (2020f) 3.5% (2021f)"], "sectors": ["agriculture: 2.8%", "industry: 29.7%", "services: 67.5%", "(2017 est.)<ref name"], "inflation": "4.300% (2022 est.)<ref name", "poverty": ["increasenegative 55.5% (2014, World Bank)"], "gini": "decreasepositive 61.8 red (2021)<ref name", "hdi": ["increase 0.709 green (2019)"], "labour": ["increase 23,072,331 (2019)"], "occupations": ["agriculture: 4.6%", "industry: 23.5%", "services: 71.9%", "(2014)<ref name"], "unemployment": ["increaseNegative 36.989% (2022, est) <ref name"], "language": "en", "edbr": "decrease 84th (easy, 2020)", "industries": "mining (world's largest producer of platinum group metals, gold, chromium), automobile manufacturing, metalworking, technology, machinery, textiles, iron and steel, IT, chemicals, fertiliser, foodstuffs, manufacturing, commercial ship repair.", "exports": "$108 billion (2017)<ref name", "imports": "$81.9 billion (2017)<ref name", "current account": "decrease \u2212$8.584 billion (2017 est.)<ref name", "FDI": ["increase $156.8 billion (31 December 2017 est.)<ref name"], "debt": "increaseNegative 53% of GDP (2017 est.)<ref name", "revenue": "102.86 billion (2022 est.)<ref name", "expenses": "108.3 billion (2017 est.)<ref name", "balance": "\u22124.4% (of GDP) (2017 est.)<ref name", "reserves": "increase $50.72 billion (31 December 2017 est.)<ref name", "aid": "ODA $19 billion, 0.2% of GDP (2004)", "cianame": "south-africa "}, "2022-04-16T08:25:54Z": {"organs": "AU, WTO, BRICS, AfCFTA, G-20, SACU and others", "population": "60,14 million (2021 est.)", "gdp": ["increase $435.550 billion (nominal, 2022 est.)<ref name"], "gdp rank": ["33rd (nominal, 2022)", "32nd (PPP, 2022)"], "per capita": ["increase $7,200.535 (nominal, 2022 est.)<ref name"], "growth": ["0.8% (2018) 0.2% (2019e)", "\u22128.0% (2020f) 3.5% (2021f)"], "sectors": ["agriculture: 2.8%", "industry: 29.7%", "services: 67.5%", "(2017 est.)<ref name"], "inflation": "4.300% (2022 est.)<ref name", "poverty": ["increasenegative 55.5% (2014, World Bank)"], "gini": "decreasepositive 61.8 red (2021)<ref name", "hdi": ["increase 0.709 green (2019)"], "labour": ["increase 23,072,331 (2019)"], "occupations": ["agriculture: 4.6%", "industry: 23.5%", "services: 71.9%", "(2014)<ref name"], "unemployment": ["increaseNegative 36.989% (2022, est) <ref name"], "language": "en", "edbr": "decrease 84th (easy, 2020)", "industries": "mining (world's largest producer of platinum group metals, gold, chromium), automobile manufacturing, metalworking, technology, machinery, textiles, iron and steel, IT, chemicals, fertiliser, foodstuffs, manufacturing, commercial ship repair.", "exports": "$108 billion (2017)<ref name", "imports": "$81.9 billion (2017)<ref name", "current account": "decrease \u2212$8.584 billion (2017 est.)<ref name", "FDI": ["increase $156.8 billion (31 December 2017 est.)<ref name"], "debt": "increaseNegative 53% of GDP (2017 est.)<ref name", "revenue": "102.86 billion (2022 est.)<ref name", "expenses": "108.3 billion (2017 est.)<ref name", "balance": "\u22124.4% (of GDP) (2017 est.)<ref name", "reserves": "increase $60.72 billion (31 December 2017 est.)<ref name", "aid": "ODA $19 billion, 0.2% of GDP (2004)", "cianame": "south-africa "}, "2022-04-28T18:36:10Z": {"organs": "AU, WTO, BRICS, AfCFTA, G-20, SACU and others", "population": "60,14 million (2021 est.)", "gdp": ["increase $435.550 billion (nominal, 2022 est.)<ref name"], "gdp rank": ["33rd (nominal, 2022)", "32nd (PPP, 2022)"], "per capita": ["increase $7,200.535 (nominal, 2022 est.)<ref name"], "growth": ["0.8% (2018) 0.2% (2019e)", "\u22128.0% (2020f) 3.5% (2021f)"], "sectors": ["agriculture: 100.8%", "industry: 80 .7%", "services: 67.5%", "(South .)<ref name"], "inflation": "4.300% (2022 est.)<ref name", "poverty": ["increasenegative 70 .5% (2022, World Bank)"], "gini": "decreasepositive 61.8 red (2021)<ref name", "hdi": ["increase 0.709 green (2019)"], "labour": ["increase 23,072,331 (2019)"], "occupations": ["agriculture: 85 .6%", "industry: 87.5%", "services: 90.9%", "(2014)<ref name"], "unemployment": ["increaseNegative 663 .989% (2022, est) <ref name"], "language": "en", "edbr": "decrease 84th (easy, 2020)", "industries": "mining (world's largest producer of platinum group metals, gold, chromium), automobile manufacturing, metalworking, technology, machinery, textiles, iron and steel, IT, chemicals, fertiliser, foodstuffs, manufacturing, commercial ship repair.", "exports": "$108 billion (2017)<ref name", "imports": "$81.9 billion (2017)<ref name", "current account": "decrease \u2212$8.584 billion (2017 est.)<ref name", "FDI": ["increase $156.8 billion (31 December 2017 est.)<ref name"], "debt": "increaseNegative 53% of GDP (2017 est.)<ref name", "revenue": "102.86 billion (2022 est.)<ref name", "expenses": "108.3 billion (2017 est.)<ref name", "balance": "\u22124.4% (of GDP) (2017 est.)<ref name", "reserves": "increase $60.72 billion (31 December 2017 est.)<ref name", "aid": "ODA $19 billion, 0.2% of GDP (2004)", "cianame": "south-africa "}}